4120 5526
1249 288 1268 350 3

359 492 519 558 adhiberi.
563 491 685 582 Itaque
709 491 736 555 si
758 498 848 554 recte
870 511 904 554 se
927 488 1062 569 habent,
1085 509 1171 570 quae
1195 487 1236 550 de
1259 487 1320 552 hac
1342 513 1377 554 re
1400 490 1658 574 disputavimus,
1680 493 1770 556 nulla
1793 512 1891 554 causa
1915 498 1965 556 est

358 616 430 663 mus
440 590 686 674 Antiphontem
701 592 785 662 tales
801 588 968 652 orationes
984 610 1050 651 non
1071 587 1221 671 potuisse
1244 587 1395 652 scribere.
1431 586 1496 654 Sed
1522 598 1561 652 ut
1582 598 1690 653 totam
1711 588 1795 652 hanc
1819 588 1860 652 de
1883 591 1953 674 ejus

357 690 522 755 rhetorica
544 687 773 771 quaestionem
795 686 830 749 in
852 685 955 750 dubio
978 687 1214 768 relinquamus,
1236 686 1366 751 etiamsi
1390 689 1488 752 certis
1511 689 1714 773 arg-umentis
1735 688 1869 771 probari
1891 710 1957 751 non
1977 763 1979 772 .

357 789 449 873 quod
472 789 494 851 ii
517 787 580 850 viri
602 786 693 851 docti
715 807 863 869 premere
886 786 1062 866 videntur,
1091 786 1148 869 qui
1170 788 1365 870 tetralogias
1387 787 1607 869 Antiphontis
1629 809 1696 849 non
1725 808 1796 851 esse
1827 785 1980 852 existima

357 898 524 956 oratorem
546 894 650 950 artem
672 907 765 950 suam
787 884 936 950 nondum
957 887 1084 948 ratione
1108 887 1275 971 cognitam
1296 886 1453 952 habuisse
1476 908 1584 970 neque
1600 887 1794 972 disciplinae
1809 886 1981 952 rhetorica«

357 989 476 1067 fuisse,
507 985 543 1048 id
572 993 639 1066 est,
671 993 708 1054 ut
732 983 862 1048 Graeca
885 993 1080 1065 10111111,
1113 982 1298 1071 θεωρητικὸν
1327 1008 1403 1049 eum
1429 986 1531 1050 luisse
1555 986 1612 1069 (cf.
1635 989 1727 1049 velut
1750 985 1860 1049 Pahlii
1882 985 1982 1049 virid

359 1086 478 1150 verba:
518 1108 576 1166 „es
602 1085 645 1149 ist
673 1083 890 1164 zweifelhaft,
925 1083 967 1147 ob
990 1083 1165 1167 Antiphon
1193 1086 1227 1147 in
1250 1085 1309 1150 der
1330 1085 1430 1152 weise
1452 1085 1657 1149 theoretiker
1678 1107 1832 1170 genesen
1862 1085 1926 1166 sei,
1955 1107 1983 1148 w

358 1185 557 1270 tetralogien
579 1187 844 1248 voraussetzen.“
880 1183 947 1247 Die
970 1183 1073 1246 reden
1095 1183 1154 1248 des
1176 1185 1361 1268 Antiphon.
1394 1184 1419 1248 ‚J
1422 1205 1498 1247 ever
1520 1185 1629 1267 1860),
1661 1206 1701 1248 ex
1724 1205 1762 1246 ea
1785 1205 1820 1246 re
1843 1183 1934 1267 quod
1956 1184 1984 1246 in

360 1308 456 1351 usum
478 1284 645 1348 orationes
667 1283 892 1367 composuisse
915 1281 1077 1362 traditur,
1099 1283 1233 1346 videtur
1254 1283 1366 1366 sequi,
1387 1283 1497 1366 ipsum
1520 1283 1562 1346 ad
1585 1283 1672 1346 hunc
1694 1304 1792 1346 usum
1815 1303 1891 1346 eum
1918 1285 1986 1364 conl

360 1407 446 1469 quae
468 1384 512 1447 ad
534 1385 684 1469 singulas
707 1404 825 1447 causas
847 1382 946 1445 variis
969 1391 1002 1444 et
1030 1382 1171 1446 diversis
1199 1382 1384 1446 rationibus
1417 1381 1590 1446 adhiberet
1624 1391 1658 1444 11
1691 1380 1813 1464 quibus
1846 1381 1889 1443 ad
1923 1391 1987 1448 arte

360 1493 577 1550 exerceretur.
621 1481 743 1564 ltaque
766 1503 807 1546 ne
830 1481 863 1543 in
891 1481 952 1544 hac
980 1479 1116 1563 quidem
1143 1502 1178 1543 re
1203 1489 1314 1563 potest
1346 1502 1417 1546 esse
1451 1503 1566 1561 causa,
1601 1502 1659 1543 cur
1693 1480 1886 1564 tetralogias
1920 1473 1988 1568 spui

358 1582 530 1648 habendas
561 1603 762 1646 censeamus
813 1578 957 1645 Omnino
990 1580 1078 1642 enim
1109 1603 1182 1643 cum
1205 1581 1228 1642 ii
1251 1580 1308 1662 qui
1331 1580 1480 1643 studium
1504 1602 1601 1644 suum
1623 1601 1719 1644 omne
1742 1577 1785 1642 ad
1808 1569 1989 1656 orationes,

360 1681 614 1746 conscribendas
637 1678 869 1760 conferebant,
901 1681 1102 1742 auctoritate
1126 1701 1197 1744 esse
1219 1679 1330 1760 aliqua
1354 1678 1545 1758 studerent,
1567 1678 1665 1742 rebus
1688 1678 1874 1742 forensibus
1896 1686 1990 1740 tanto

361 1781 543 1844 buerentur
563 1799 698 1843 necesse
721 1786 802 1858 erat,
829 1789 868 1840 ut
889 1777 923 1840 in
945 1801 1011 1840 una
1034 1776 1216 1860 eademque
1240 1799 1338 1842 01111
1361 1787 1393 1840 11
1415 1779 1462 1840 111
1485 1787 1518 1840 11
1541 1778 1742 1842 accusatoris
1768 1787 1881 1860 partes
1909 1772 1992 1866 excip*

359 1879 563 1943 dubitarent.
606 1878 722 1960 Atque
749 1876 811 1940 hoc
836 1879 910 1940 1000
932 1876 1015 1939 illud
1037 1876 1214 1960 praecipue
1242 1877 1574 1940 animadvertendum
1597 1885 1664 1956 est,
1693 1876 1783 1958 quod
1804 1899 1903 1960 supra
1925 1871 1993 1964 locq

361 1976 461 2040 dideo
484 1976 525 2039 de
547 1976 767 2058 Antiphontis
790 1976 980 2057 eloquentia
1002 1983 1035 2038 11
1058 1985 1127 2038 1111
1149 1975 1314 2039 rhetorica
1337 1975 1523 2040 didicimus.
1567 1973 1659 2054 Quid
1690 1975 1775 2038 enim
1807 1975 1841 2038 id
1871 1975 1934 2039 sibi
1964 1965 1994 2042 11

361 2075 575 2158 Thucydides
598 2075 678 2143 dicit
700 2074 803 2140 fuisse
826 2095 902 2136 eum
924 2075 1080 2158 κράτιστον
1103 2073 1306 2160 ἐνθυμηθῆναι
1328 2075 1485 2157 ηἐνόρενον
1507 2077 1555 2136 καὶ
1577 2074 1597 2134 ἃ
1619 2074 1699 2159 γνοίη
1722 2073 1835 2136 claein?
1880 2073 1995 2154 Quaen

359 2176 416 2238 illa
437 2174 513 2244 δόξα
536 2179 590 2258 τῆς
608 2175 793 2258 δεινότητος,
826 2182 964 2256 propter
994 2196 1094 2254 quam
1116 2173 1150 2244 in
1171 2173 1288 2258 populi
1311 2174 1534 2257 suspicionem
1556 2173 1685 2238 venisse
1710 2183 1743 2236 et
1766 2196 1841 2236 eum
1863 2174 1997 2246 timore,

359 2272 507 2338 dicitur?
550 2273 640 2338 Nam
673 2273 737 2336 etsi
770 2271 938 2336 orationes
971 2273 1089 2354 quinta
1121 2283 1154 2336 et
1186 2283 1279 2338 sexta
1309 2277 1514 2357 praeclarum
1543 2273 1754 2355 eloquentiae
1776 2274 1966 2337 Atticorum
1996 2261 1998 2334 i

359 2377 549 2457 exemplum
569 2380 753 2456 praestant,
774 2380 886 2434 tamen
908 2393 959 2436 res
981 2371 1069 2434 nude
1093 2381 1127 2433 et
1149 2372 1342 2455 simpliciter
1363 2381 1536 2453 tractatur,
1558 2372 1630 2452 sed,
1652 2373 1685 2434 in
1708 2394 1774 2454 qua
1796 2395 1831 2434 re
1853 2373 2000 2454 maxime,

358 2473 415 2535 illa
437 2472 578 2538 oratoris
599 2472 650 2536 vis
673 2480 706 2534 et
728 2471 865 2555 δεινότης
889 2470 1000 2553 posit-a
1023 2470 1269 2550 videturesse,
1300 2472 1447 2534 inventio
1471 2480 1504 2534 et
1528 2471 1704 2556 cogitatio,
1731 2493 1816 2553 quae
1840 2473 1969 2534 occulta
1992 2491 2001 2536 s

360 2571 774 2655 quaerendoinvestigare
797 2570 922 2650 studet,
944 2570 1052 2634 minus
1075 2570 1192 2634 eadem
1214 2592 1281 2653 qua
1303 2571 1337 2632 in
1360 2569 1546 2654 tetralogiis
1561 2571 1689 2633 ratione
1705 2569 1911 2652 respicienda
1929 2579 2002 2631 erat>

359 2693 437 2734 vero
467 2671 548 2734 haec
570 2669 718 2733 inventio
741 2677 774 2732 et
797 2668 957 2753 cogitatio
979 2669 1013 2732 in
1033 2661 1221 2754 tetralogiis
1245 2668 1460 2749 observatur,
1490 2669 1523 2731 in
1547 2668 1668 2751 quibus
1692 2691 1766 2732 cum
1789 2690 1904 2734 causas
1926 2663 2004 2754 fictzl

359 2767 423 2836 sibi
444 2768 689 2851 proposuisset,
723 2770 888 2832 exsultare
914 2777 1047 2851 poterat
1075 2768 1244 2852 ingenium
1275 2767 1317 2833 ad
1346 2776 1542 2852 argumenta
1572 2776 1605 2830 et
1628 2789 1680 2832 res
1702 2766 1918 2832 inveniendas
1941 2755 2010 2830 acal

359 2867 449 2932 Plut.
472 2868 530 2930 vit.
546 2867 584 2932 X
607 2874 705 2930 01111.
727 2865 788 2930 ἔστι
812 2859 845 2928 δ’
871 2867 902 2928 ἐν
925 2873 985 2936 τοῖς
1004 2868 1101 2947 λόγοις
1120 2867 1248 2952 ἀκριβὴς
1267 2869 1315 2928 καὶ
1338 2866 1463 2935 reilana<
1482 2869 1530 2928 καὶ
1552 2867 1650 2935 δεινὸς
1670 2868 1736 2950 περὶ
1759 2868 1812 2950 την
1834 2865 1950 2950 εὕρεσιν
1973 2889 2003 2925 z(

359 2969 485 3052 ἀπόροις
512 2970 642 3055 τεχνικὸς
668 2969 716 3028 καὶ
746 2967 903 3054 ἐπιχειρῶν
930 2967 966 3037 ἐξ
985 2968 1099 3053 ἄδηλον
1121 2967 1181 3030 κτλ.
1204 2987 1289 3049 quae
1319 2965 1421 3029 verba
1445 2962 1590 3028 Caecilio
1615 2962 1786 3028 Calactino
1815 2964 1983 3030 ascribunt

360 3067 437 3130 licet
459 3066 634 3149 Antiphon
657 3066 738 3130 artis
761 3088 840 3132 suae
863 3067 991 3130 ratione
1015 3075 1048 3129 11
1071 3065 1222 3130 doctrina
1244 3088 1311 3129 non
1332 3068 1430 3148 plane
1451 3064 1600 3129 imbutus
1622 3065 1734 3145 fuerit,
1755 3063 1791 3127 id
1813 3063 1904 3146 quod
1926 3063 2000 3144 vix,

361 3174 454 3228 erant
475 3174 637 3248 tempora,
658 3165 793 3248 probari
814 3174 937 3249 potest,
959 3165 1022 3228 hoc
1043 3165 1123 3228 nihil
1147 3164 1306 3228 momenti
1329 3173 1380 3228 est
1402 3164 1444 3226 ad
1467 3163 1551 3226 hanc
1573 3163 1615 3226 de
1637 3162 1823 3248 tetralogiis
1845 3162 1997 3244 quaestio

357 3264 582 3348 judicandam.
627 3263 715 3328 Nam
737 3265 779 3328 ad
801 3286 857 3330 eas
881 3265 1126 3348 componendas
1148 3264 1256 3328 minus
1278 3263 1407 3327 ratione
1429 3263 1647 3344 doctrinaque
1668 3261 1852 3326 rhetoricae
1874 3261 1954 3325 artis
1977 3283 1999 3343 q

360 3364 460 3449 genio
483 3372 515 3426 11
537 3385 601 3428 111
622 3363 744 3428 forensi
769 3385 852 3447 opus
875 3373 956 3446 1111,
978 3364 1101 3446 quihus
1117 3363 1298 3428 virtutibus
1314 3386 1391 3426 eum
1405 3362 1613 3446 praestitisse
1629 3370 1766 3445 apparet
1783 3383 1823 3424 ex
1838 3364 1910 3425 loco
1925 3360 2001 3424 Thu

358 3463 417 3526 uhi
440 3465 597 3547 leguntur
619 3462 738 3527 verba:
763 3463 832 3532 τοὺς
850 3463 1084 3546 ἀγωνιζομένους
1103 3465 1151 3526 καὶ
1172 3463 1204 3526 ἐν
1226 3463 1411 3548 δικαστηρίῳ
1434 3465 1483 3524 καὶ
1504 3462 1536 3524 ἐν
1559 3463 1647 3548 δήμῳ
1671 3462 1792 3524 πλεῖστα
1814 3460 1856 3530 εἷς
1876 3461 1962 3546 ἀνὴρ,
1986 3462 2010 3522 lt

356 3563 555 3643 βουλεύσαιτό
577 3585 601 3624 τι
622 3561 792 3644 δυνόρενοτ7
806 3563 942 3645 ὠφελεῖν.
987 3562 1057 3626 11111
1080 3572 1192 3626 autem
1215 3562 1337 3645 quibus
1358 3561 1534 3645 Antiphon
1561 3563 1646 3625 vixit
1675 3560 1882 3646 temporibus
1900 3562 1970 3644 jam
1993 3583 2010 3622 r

360 3663 569 3745 eloquentiae
606 3670 639 3725 11
676 3660 861 3725 doctrinam
896 3662 1033 3724 tractari
1070 3684 1107 3724 11
1137 3685 1177 3726 ex
1205 3683 1240 3724 11
1271 3669 1383 3745 potest
1413 3661 1580 3746 intellegi,
1611 3660 1703 3743 quod
1733 3683 1853 3746 magna
1879 3669 1952 3722 tum
1973 3669 2011 3722 ut

360 3761 528 3843 sophistae
550 3761 758 3824 auctoritate.
802 3760 1017 3844 Thucydides
1042 3783 1116 3824 1110
1140 3771 1173 3824 11
1196 3761 1266 3844 ipsc
1288 3760 1384 3825 nobis
1407 3749 1558 3842 exemplo
1581 3767 1648 3840 est,
1677 3769 1880 3843 quantopere
1908 3759 1973 3824 illis
1995 3766 2009 3822 t

361 3857 424 3922 hus
446 3861 607 3943 ejusmodi
630 3859 743 3924 studia
765 3859 952 3945 viguerint3
975 3859 1153 3922 maximam
1176 3868 1289 3922 autem
1311 3860 1399 3923 inter
1421 3881 1497 3924 eum
1512 3867 1545 3922 et
1559 3858 1805 3942 Antiphontem
1820 3858 2009 3922 interceden

360 3956 511 4021 tudinem
542 3961 629 4022 inter
661 3981 774 4024 omnes
809 3965 958 4038 constat,
994 3958 1125 4023 etiamsi
1154 3958 1267 4022 fabula
1295 3959 1351 4021 illa
1373 3980 1440 4041 qua
1462 3956 1706 4040 Antiphontem
1727 3957 1935 4043 Thucydidis
1958 3979 2009 4019 ma

359 4056 464 4122 fuisse
487 4057 698 4124 contenditur
718 4080 853 4141 prorsus
875 4056 971 4121 nobis
994 4057 1172 4141 rejicienda
1194 4058 1246 4124 sit.

511 4157 667 4219 Alterum
689 4157 780 4238 quod
802 4156 837 4219 in
858 4155 1078 4240 dijudicanda
1106 4155 1168 4220 hac
1190 4158 1387 4240 quaestione
1409 4157 1521 4242 magni
1543 4157 1703 4222 momenti
1726 4167 1794 4238 est,
1816 4159 1850 4220 in
1873 4179 1912 4221 10
1934 4159 2008 4241 posi

359 4255 451 4337 quod
473 4257 507 4319 in
528 4255 716 4341 tetralogiis
738 4265 933 4342 argumenta
953 4278 1039 4339 quae
1062 4256 1098 4328 ἐξ
1118 4257 1240 4320 εἰκότων
1261 4266 1299 4320 11
1325 4257 1462 4322 Graecis
1485 4256 1594 4322 verbis
1617 4265 1693 4320 utar
1714 4256 1937 4336 deducuntur,
1959 4256 2001 4320 ab

359 4353 529 4438 inprimis
551 4354 704 4420 adhibita
726 4363 812 4420 sunt.
850 4354 927 4435 Qua
949 4355 983 4418 in
1005 4356 1236 4420 retractanda
1258 4355 1340 4420 illud
1361 4359 1529 4440 praeclare
1551 4356 1632 4419 mihi
1654 4355 1787 4430 videtur
1809 4355 1936 4419 dictum
1958 4377 2009 4420 ess

363 4448 401 4514 C.
424 4451 712 4538 1111111111
734 4454 924 4520 universum
948 4453 989 4518 de
1012 4455 1197 4539 tetralogiis
1219 4453 1365 4519 breviter
1386 4455 1533 4538 protulit.
1577 4455 1671 4520 Dicit
1693 4455 1780 4518 enim
1807 4455 1836 4518 is
1864 4454 1913 4517 vir
1942 4454 2009 4518 doe

359 4551 394 4616 in
416 4550 529 4616 Musei
540 4553 703 4632 ,Rhenani
726 4575 831 4617 novae
854 4554 950 4620 seriei
980 4553 1146 4618 volumine
1179 4553 1376 4618 duodecimo
1405 4555 1616 4638 (1111857)
1642 4576 1718 4640 pag.
1741 4554 1816 4617 224:
1853 4552 1919 4617 Die
1947 4553 2008 4616 dre

358 4650 502 4738 logieen,
523 4652 646 4718 welche
667 4675 730 4718 uns
752 4652 812 4718 des
834 4656 922 4717 alten
945 4653 1079 4716 redners
1102 4652 1401 4738 eigenthuemliche
1423 4652 1579 4717 methode
1602 4652 1670 4717 und
1685 4652 1971 4718 ausdrucksweise
1986 4675 2009 4714 1

358 4751 444 4815 noch
467 4750 652 4816 deutlicher
674 4752 841 4816 erkennen
863 4756 972 4817 lassen
994 4755 1041 4816 als
1064 4751 1118 4816 die
1140 4753 1242 4816 reden
1258 4751 1534 4820 ueberHerodes'
1551 4751 1645 4816 mord
1660 4751 1730 4816 und
1751 4751 1854 4816 ucber
1875 4752 1940 4816 den
1963 4751 2009 4814 ch<

360 4850 515 4916 scheinen
538 4850 592 4914 ein
615 4851 837 4916 bestandtheil
861 4852 968 4918 seiner
990 4851 1075 4938 τέχνη
1097 4874 1252 4938 gewesen
1273 4877 1314 4918 zu
1336 4853 1419 4934 sein,
1444 4849 1513 4916 und
1534 4852 1652 4917 hatten
1674 4853 1917 4938 voraugsweise
1939 4850 1994 4914 die

361 4969 472 5034 mung,
493 4949 548 5014 die
570 4948 785 5039 behandlung
808 4951 867 5016 der
892 4951 1234 5026 111111111ἐξείκότων
1262 4975 1303 5015 zu
1336 4950 1458 5016 lehren.
1516 4951 1572 5015 Da
1601 4950 1656 5017 die
1688 4951 1786 5014 εἰκότα
1813 4949 1872 5014 das
1902 4948 2008 5014 wahrs

1918 5067 1958 5120 1*
