<?xml version="1.0" encoding="UTF-8"?>
<!DOCTYPE html PUBLIC "-//W3C//DTD XHTML 1.0 Transitional//EN"
    "http://www.w3.org/TR/xhtml1/DTD/xhtml1-transitional.dtd">
<html xmlns="http://www.w3.org/1999/xhtml" xml:lang="en" lang="en">
 <head>
  <title>
</title>
<meta http-equiv="Content-Type" content="text/html;charset=utf-8" />
  <meta name='ocr-system' content='tesseract 3.04.00' />
  <meta name='ocr-capabilities' content='ocr_page ocr_carea ocr_par ocr_line ocrx_word'/>
</head>
<body>
  <div class='ocr_page' id='page_1' title='image "./deantiphontisrh00bothgoog_0022.png"; bbox 0 0 4120 5526; ppageno 0'>
   <div class='ocr_carea' id='block_1_1' title="bbox 1134 313 1281 406">
    <p class='ocr_par' dir='ltr' id='par_1_1' title="bbox 1134 313 1281 406">
     <span class='ocr_line' id='line_1_1' title="bbox 1134 313 1281 406; baseline 0 0"><span class='ocrx_word' id='word_1_1' title='bbox 1134 313 1281 406; x_wconf 55' lang='lat'>„15-</span> 
     </span>
    </p>
   </div>
   <div class='ocr_carea' id='block_1_2' title="bbox 258 512 1993 5062">
    <p class='ocr_par' dir='ltr' id='par_1_2' title="bbox 258 512 1993 4266">
     <span class='ocr_line' id='line_1_2' title="bbox 469 512 1969 600; baseline -0.006 -14"><span class='ocrx_word' id='word_1_2' title='bbox 469 522 522 586; x_wconf 91' lang='lat' dir='ltr'>De</span> <span class='ocrx_word' id='word_1_3' title='bbox 546 519 721 583; x_wconf 89' lang='lat' dir='ltr'>verborum</span> <span class='ocrx_word' id='word_1_4' title='bbox 743 517 973 595; x_wconf 81' lang='lat' dir='ltr'>collocatione,</span> <span class='ocrx_word' id='word_1_5' title='bbox 993 523 1032 578; x_wconf 91' lang='lat' dir='ltr'>ut</span> <span class='ocrx_word' id='word_1_6' title='bbox 1054 514 1096 578; x_wconf 89' lang='lat' dir='ltr'>de</span> <span class='ocrx_word' id='word_1_7' title='bbox 1118 514 1179 576; x_wconf 90' lang='lat' dir='ltr'>hac</span> <span class='ocrx_word' id='word_1_8' title='bbox 1201 535 1235 576; x_wconf 90' lang='lat' dir='ltr'>re</span> <span class='ocrx_word' id='word_1_9' title='bbox 1256 512 1401 577; x_wconf 87' lang='lat' dir='ltr'>breviter</span> <span class='ocrx_word' id='word_1_10' title='bbox 1423 535 1571 600; x_wconf 84' lang='lat' dir='ltr'>agamus,</span> <span class='ocrx_word' id='word_1_11' title='bbox 1593 517 1655 578; x_wconf 88' lang='lat' dir='ltr'>etsi</span> <span class='ocrx_word' id='word_1_12' title='bbox 1678 515 1784 579; x_wconf 91' lang='lat' dir='ltr'>minus</span> <span class='ocrx_word' id='word_1_13' title='bbox 1806 536 1826 577; x_wconf 86' lang='lat' dir='ltr'>a</span> <span class='ocrx_word' id='word_1_14' title='bbox 1848 535 1969 579; x_wconf 89' lang='lat' dir='ltr'>consue</span> 
     </span>
     <span class='ocr_line' id='line_1_3' title="bbox 321 612 1969 697; baseline -0.006 -11"><span class='ocrx_word' id='word_1_15' title='bbox 321 623 436 687; x_wconf 91' lang='lat' dir='ltr'>borum</span> <span class='ocrx_word' id='word_1_16' title='bbox 459 617 723 684; x_wconf 82' lang='lat' dir='ltr'>collocandorum</span> <span class='ocrx_word' id='word_1_17' title='bbox 751 614 990 680; x_wconf 90' lang='lat' dir='ltr'>consuetudine</span> <span class='ocrx_word' id='word_1_18' title='bbox 1017 612 1153 694; x_wconf 81' lang='lat' dir='ltr'>recedit,</span> <span class='ocrx_word' id='word_1_19' title='bbox 1184 615 1340 676; x_wconf 90' lang='lat' dir='ltr'>nonnulla</span> <span class='ocrx_word' id='word_1_20' title='bbox 1373 621 1484 677; x_wconf 90' lang='lat' dir='ltr'>tamen</span> <span class='ocrx_word' id='word_1_21' title='bbox 1514 612 1705 696; x_wconf 89' lang='lat' dir='ltr'>proferenda</span> <span class='ocrx_word' id='word_1_22' title='bbox 1739 619 1817 678; x_wconf 90' lang='lat' dir='ltr'>sunt</span> <span class='ocrx_word' id='word_1_23' title='bbox 1848 634 1969 697; x_wconf 88' lang='lat' dir='ltr'>quae</span> 
     </span>
     <span class='ocr_line' id='line_1_4' title="bbox 318 659 1969 814; baseline -0.006 -30"><span class='ocrx_word' id='word_1_24' title='bbox 318 709 417 806; x_wconf 88' lang='lat' dir='ltr'>hujus</span> <span class='ocrx_word' id='word_1_25' title='bbox 440 720 579 783; x_wconf 88' lang='lat' dir='ltr'>oratoris</span> <span class='ocrx_word' id='word_1_26' title='bbox 601 724 765 799; x_wconf 87' lang='lat' dir='ltr'>quatenus</span> <span class='ocrx_word' id='word_1_27' title='bbox 788 735 828 778; x_wconf 85' lang='lat' dir='ltr'>ex</span> <span class='ocrx_word' id='word_1_28' title='bbox 848 714 896 778; x_wconf 89' lang='lat' dir='ltr'>eis</span> <span class='ocrx_word' id='word_1_29' title='bbox 919 733 1004 795; x_wconf 91' lang='lat' dir='ltr'>quae</span> <span class='ocrx_word' id='word_1_30' title='bbox 1025 709 1122 775; x_wconf 93' lang='lat' dir='ltr'>nobis</span> <span class='ocrx_word' id='word_1_31' title='bbox 1140 659 1264 773; x_wconf 78' lang='lat' dir='ltr'>iradita</span> <span class='ocrx_word' id='word_1_32' title='bbox 1289 720 1367 776; x_wconf 92' lang='lat' dir='ltr'>sunt</span> <span class='ocrx_word' id='word_1_33' title='bbox 1393 711 1523 795; x_wconf 91' lang='lat' dir='ltr'>scriptis</span> <span class='ocrx_word' id='word_1_34' title='bbox 1539 711 1648 814; x_wconf 82' lang='lat' dir='ltr'>colligi</span> <span class='ocrx_word' id='word_1_35' title='bbox 1663 719 1774 795; x_wconf 89' lang='lat' dir='ltr'>potest</span> <span class='ocrx_word' id='word_1_36' title='bbox 1794 712 1897 778; x_wconf 89' lang='lat' dir='ltr'>fnisse</span> <span class='ocrx_word' id='word_1_37' title='bbox 1912 691 1969 775; x_wconf 91' lang='lat' dir='ltr'>vid</span> 
     </span>
     <span class='ocr_line' id='line_1_5' title="bbox 316 809 1971 897; baseline -0.007 -12"><span class='ocrx_word' id='word_1_38' title='bbox 316 821 368 885; x_wconf 85' lang='lat' dir='ltr'>Ut</span> <span class='ocrx_word' id='word_1_39' title='bbox 391 817 595 896; x_wconf 89' lang='lat' dir='ltr'>omittamus,</span> <span class='ocrx_word' id='word_1_40' title='bbox 628 814 664 878; x_wconf 92' lang='lat' dir='ltr'>id</span> <span class='ocrx_word' id='word_1_41' title='bbox 685 811 826 897; x_wconf 91' lang='lat' dir='ltr'>qnod</span> <span class='ocrx_word' id='word_1_42' title='bbox 799 835 829 875; x_wconf 91' lang='lat' dir='ltr'>e1</span> <span class='ocrx_word' id='word_1_43' title='bbox 852 834 925 874; x_wconf 93' lang='lat' dir='ltr'>cum</span> <span class='ocrx_word' id='word_1_44' title='bbox 946 809 1144 894; x_wconf 84' lang='lat' dir='ltr'>Thucydide</span> <span class='ocrx_word' id='word_1_45' title='bbox 1165 809 1341 893; x_wconf 90' lang='lat' dir='ltr'>praecipue</span> <span class='ocrx_word' id='word_1_46' title='bbox 1363 832 1533 874; x_wconf 91' lang='lat' dir='ltr'>commune</span> <span class='ocrx_word' id='word_1_47' title='bbox 1555 819 1605 875; x_wconf 91' lang='lat' dir='ltr'>est</span> <span class='ocrx_word' id='word_1_48' title='bbox 1627 819 1660 874; x_wconf 89' lang='lat' dir='ltr'>et</span> <span class='ocrx_word' id='word_1_49' title='bbox 1682 809 1774 896; x_wconf 91' lang='lat' dir='ltr'>quod</span> <span class='ocrx_word' id='word_1_50' title='bbox 1796 810 1837 874; x_wconf 92' lang='lat' dir='ltr'>ab</span> <span class='ocrx_word' id='word_1_51' title='bbox 1860 811 1971 875; x_wconf 88' lang='lat' dir='ltr'>aliorm</span> 
     </span>
     <span class='ocr_line' id='line_1_6' title="bbox 318 908 1972 1002; baseline -0.004 -21"><span class='ocrx_word' id='word_1_52' title='bbox 318 928 455 1002; x_wconf 92' lang='lat' dir='ltr'>ptorum</span> <span class='ocrx_word' id='word_1_53' title='bbox 488 935 609 1000; x_wconf 82' lang='lat' dir='ltr'>genere</span> <span class='ocrx_word' id='word_1_54' title='bbox 636 911 794 995; x_wconf 89' lang='lat' dir='ltr'>loquendi</span> <span class='ocrx_word' id='word_1_55' title='bbox 816 933 882 974; x_wconf 93' lang='lat' dir='ltr'>non</span> <span class='ocrx_word' id='word_1_56' title='bbox 902 908 1028 973; x_wconf 77' lang='lat' dir='ltr'>recedit</span> <span class='ocrx_word' id='word_1_57' title='bbox 1054 929 1152 991; x_wconf 88' lang='lat' dir='ltr'>saepe</span> <span class='ocrx_word' id='word_1_58' title='bbox 1182 931 1257 972; x_wconf 90' lang='lat' dir='ltr'>eum</span> <span class='ocrx_word' id='word_1_59' title='bbox 1285 918 1384 994; x_wconf 86' lang='lat' dir='ltr'>caput</span> <span class='ocrx_word' id='word_1_60' title='bbox 1412 910 1459 974; x_wconf 91' lang='lat' dir='ltr'>rei</span> <span class='ocrx_word' id='word_1_61' title='bbox 1481 910 1515 973; x_wconf 92' lang='lat' dir='ltr'>in</span> <span class='ocrx_word' id='word_1_62' title='bbox 1535 910 1630 974; x_wconf 90' lang='lat' dir='ltr'>initio</span> <span class='ocrx_word' id='word_1_63' title='bbox 1652 910 1756 974; x_wconf 86' lang='lat' dir='ltr'>totius</span> <span class='ocrx_word' id='word_1_64' title='bbox 1780 911 1972 995; x_wconf 79' lang='lat' dir='ltr'>enuntiati]</span> 
     </span>
     <span class='ocr_line' id='line_1_7' title="bbox 319 1007 1973 1097; baseline -0.005 -17"><span class='ocrx_word' id='word_1_65' title='bbox 319 1017 363 1080; x_wconf 91' lang='lat' dir='ltr'>ad</span> <span class='ocrx_word' id='word_1_66' title='bbox 384 1014 474 1097; x_wconf 92' lang='lat' dir='ltr'>quod</span> <span class='ocrx_word' id='word_1_67' title='bbox 495 1012 577 1077; x_wconf 92' lang='lat' dir='ltr'>illud</span> <span class='ocrx_word' id='word_1_68' title='bbox 599 1033 733 1095; x_wconf 91' lang='lat' dir='ltr'>quoque</span> <span class='ocrx_word' id='word_1_69' title='bbox 754 1009 898 1093; x_wconf 84' lang='lat' dir='ltr'>pertinet</span> <span class='ocrx_word' id='word_1_70' title='bbox 922 1030 997 1073; x_wconf 90' lang='lat' dir='ltr'>eum</span> <span class='ocrx_word' id='word_1_71' title='bbox 1019 1007 1244 1072; x_wconf 87' lang='lat' dir='ltr'>accusativum</span> <span class='ocrx_word' id='word_1_72' title='bbox 1267 1031 1284 1072; x_wconf 92' lang='lat' dir='ltr'>e</span> <span class='ocrx_word' id='word_1_73' title='bbox 1306 1009 1482 1073; x_wconf 84' lang='lat' dir='ltr'>verborum</span> <span class='ocrx_word' id='word_1_74' title='bbox 1511 1008 1625 1072; x_wconf 89' lang='lat' dir='ltr'>ordine</span> <span class='ocrx_word' id='word_1_75' title='bbox 1652 1012 1797 1074; x_wconf 86' lang='lat' dir='ltr'>solutum</span> <span class='ocrx_word' id='word_1_76' title='bbox 1829 1010 1893 1074; x_wconf 88' lang='lat' dir='ltr'>toti</span> <span class='ocrx_word' id='word_1_77' title='bbox 1927 1033 1973 1074; x_wconf 89' lang='lat' dir='ltr'>em</span> 
     </span>
     <span class='ocr_line' id='line_1_8' title="bbox 319 1105 1956 1198; baseline -0.004 -22"><span class='ocrx_word' id='word_1_78' title='bbox 319 1113 528 1198; x_wconf 82' lang='lat' dir='ltr'>praemittere</span> <span class='ocrx_word' id='word_1_79' title='bbox 558 1110 610 1192; x_wconf 87' lang='lat' dir='ltr'>(cf.</span> <span class='ocrx_word' id='word_1_80' title='bbox 633 1110 677 1191; x_wconf 89' lang='lat' dir='ltr'>V,</span> <span class='ocrx_word' id='word_1_81' title='bbox 699 1111 755 1174; x_wconf 86' lang='lat'><strong>86:</strong></span> <span class='ocrx_word' id='word_1_82' title='bbox 787 1112 841 1193; x_wconf 80' lang='grc' dir='ltr'>τῆς</span> <span class='ocrx_word' id='word_1_83' title='bbox 855 1109 912 1191; x_wconf 83' lang='grc' dir='ltr'>μὲν</span> <span class='ocrx_word' id='word_1_84' title='bbox 934 1107 1113 1198; x_wconf 71' lang='grc' dir='ltr'><em>ἐτιβοολῆς.</em></span> <span class='ocrx_word' id='word_1_85' title='bbox 1130 1155 1137 1169; x_wconf 95' lang='grc'>.</span> <span class='ocrx_word' id='word_1_86' title='bbox 1155 1158 1161 1173; x_wconf 92' lang='grc'><strong>.</strong></span> <span class='ocrx_word' id='word_1_87' title='bbox 1177 1106 1286 1170; x_wconf 76' lang='grc' dir='ltr'><em>οὐδένα</em></span> <span class='ocrx_word' id='word_1_88' title='bbox 1308 1111 1447 1171; x_wconf 81' lang='grc' dir='ltr'><em>κοινωνὸν</em></span> <span class='ocrx_word' id='word_1_89' title='bbox 1471 1105 1650 1196; x_wconf 73' lang='grc' dir='ltr'><em>ποιήσασθαι</em></span> <span class='ocrx_word' id='word_1_90' title='bbox 1673 1111 1723 1170; x_wconf 84' lang='grc' dir='ltr'><em>τοῦ</em></span> <span class='ocrx_word' id='word_1_91' title='bbox 1751 1108 1892 1173; x_wconf 74' lang='grc' dir='ltr'><em>θανάτοιν.</em></span> <span class='ocrx_word' id='word_1_92' title='bbox 1915 1147 1956 1156; x_wconf 80' lang='lat'>·-</span> 
     </span>
     <span class='ocr_line' id='line_1_9' title="bbox 321 1206 1972 1295; baseline -0.002 -20"><span class='ocrx_word' id='word_1_93' title='bbox 321 1215 369 1276; x_wconf 79' lang='grc' dir='ltr'>καὶ</span> <span class='ocrx_word' id='word_1_94' title='bbox 396 1214 462 1282; x_wconf 79' lang='grc' dir='ltr'><em>τοὺς</em></span> <span class='ocrx_word' id='word_1_95' title='bbox 483 1213 540 1295; x_wconf 80' lang='grc' dir='ltr'>μὲν</span> <span class='ocrx_word' id='word_1_96' title='bbox 569 1211 695 1294; x_wconf 78' lang='grc' dir='ltr'><em>νόμους.</em></span> <span class='ocrx_word' id='word_1_97' title='bbox 714 1257 720 1272; x_wconf 90' lang='grc'>.</span> <span class='ocrx_word' id='word_1_98' title='bbox 738 1261 743 1272; x_wconf 94' lang='grc'>,</span> <span class='ocrx_word' id='word_1_99' title='bbox 762 1209 873 1271; x_wconf 79' lang='grc' dir='ltr'><em>πάντες</em></span> <span class='ocrx_word' id='word_1_100' title='bbox 897 1207 934 1269; x_wconf 83' lang='grc' dir='ltr'>δν</span> <span class='ocrx_word' id='word_1_101' title='bbox 964 1206 1148 1269; x_wconf 79' lang='grc' dir='ltr'><em>ἐπαινέσειαν</em></span> <span class='ocrx_word' id='word_1_102' title='bbox 1176 1206 1316 1269; x_wconf 74' lang='grc' dir='ltr'><em>κάλλιστα</em></span> <span class='ocrx_word' id='word_1_103' title='bbox 1342 1208 1438 1290; x_wconf 83' lang='grc' dir='ltr'><em>νόμων</em></span> <span class='ocrx_word' id='word_1_104' title='bbox 1460 1209 1575 1269; x_wconf 83' lang='grc' dir='ltr'><em>κεῖσθαι</em></span> <span class='ocrx_word' id='word_1_105' title='bbox 1596 1209 1643 1269; x_wconf 76' lang='grc' dir='ltr'>καὶ</span> <span class='ocrx_word' id='word_1_106' title='bbox 1666 1210 1816 1270; x_wconf 79' lang='grc' dir='ltr'><em>ὁσιώτατα</em></span> <span class='ocrx_word' id='word_1_107' title='bbox 1831 1258 1837 1271; x_wconf 95' lang='grc'>.</span> <span class='ocrx_word' id='word_1_108' title='bbox 1854 1259 1859 1269; x_wconf 91' lang='grc'>.</span> <span class='ocrx_word' id='word_1_109' title='bbox 1878 1256 1886 1270; x_wconf 95' lang='grc'>.</span> <span class='ocrx_word' id='word_1_110' title='bbox 1902 1209 1972 1278; x_wconf 77' lang='grc' dir='ltr'><em>τοὺς</em></span> 
     </span>
     <span class='ocr_line' id='line_1_10' title="bbox 316 1306 1975 1398; baseline -0.003 -23"><span class='ocrx_word' id='word_1_111' title='bbox 316 1312 424 1398; x_wconf 81' lang='grc' dir='ltr'><em>μαθεῖν</em></span> <span class='ocrx_word' id='word_1_112' title='bbox 454 1313 481 1374; x_wconf 82' lang='grc' dir='ltr'>εἷ</span> <span class='ocrx_word' id='word_1_113' title='bbox 510 1311 612 1378; x_wconf 83' lang='grc' dir='ltr'><em>καλῶς</em></span> <span class='ocrx_word' id='word_1_114' title='bbox 638 1308 817 1396; x_wconf 74' lang='grc' dir='ltr'><strong>ἔχουσιν...</strong></span> <span class='ocrx_word' id='word_1_115' title='bbox 854 1306 892 1371; x_wconf 92' lang='grc' dir='ltr'>ΙΙ</span> <span class='ocrx_word' id='word_1_116' title='bbox 912 1307 936 1388; x_wconf 81' lang='grc' dir='ltr'><em>β</em></span> <span class='ocrx_word' id='word_1_117' title='bbox 958 1309 992 1370; x_wconf 94' lang='lat'>6:</span> <span class='ocrx_word' id='word_1_118' title='bbox 1016 1306 1155 1375; x_wconf 82' lang='grc' dir='ltr'><strong>...τοὺς</strong></span> <span class='ocrx_word' id='word_1_119' title='bbox 1179 1307 1214 1369; x_wconf 87' lang='grc' dir='ltr'><em>δέ</em></span> <span class='ocrx_word' id='word_1_120' title='bbox 1237 1309 1280 1391; x_wconf 76' lang='grc' dir='ltr'>μη</span> <span class='ocrx_word' id='word_1_121' title='bbox 1312 1307 1384 1369; x_wconf 76' lang='grc' dir='ltr'><em>πολὺ</em></span> <span class='ocrx_word' id='word_1_122' title='bbox 1406 1306 1496 1392; x_wconf 75' lang='grc' dir='ltr'><em>ἧσσον</em></span> <span class='ocrx_word' id='word_1_123' title='bbox 1519 1307 1590 1390; x_wconf 80' lang='grc' dir='ltr'><em>ἐμοῦ</em></span> <span class='ocrx_word' id='word_1_124' title='bbox 1608 1309 1768 1391; x_wconf 77' lang='grc' dir='ltr'><em>μισοῦντας</em></span> <span class='ocrx_word' id='word_1_125' title='bbox 1787 1309 1899 1374; x_wconf 77' lang='grc' dir='ltr'><em>αὐτὸν.</em></span> <span class='ocrx_word' id='word_1_126' title='bbox 1918 1333 1975 1375; x_wconf 84' lang='grc' dir='ltr'><strong>..τ</strong></span> 
     </span>
     <span class='ocr_line' id='line_1_11' title="bbox 319 1404 1976 1497; baseline -0.004 -23"><span class='ocrx_word' id='word_1_127' title='bbox 319 1412 396 1480; x_wconf 81' lang='grc' dir='ltr'><em>εἰκὸς</em></span> <span class='ocrx_word' id='word_1_128' title='bbox 415 1409 450 1497; x_wconf 81' lang='grc' dir='ltr'>ἦν</span> <span class='ocrx_word' id='word_1_129' title='bbox 472 1407 645 1494; x_wconf 72' lang='grc' dir='ltr'><em>διαφθεῖραι</em></span> <span class='ocrx_word' id='word_1_130' title='bbox 666 1409 764 1470; x_wconf 77' lang='grc' dir='ltr'><em>αὐτόν.</em></span> <span class='ocrx_word' id='word_1_131' title='bbox 795 1445 829 1453; x_wconf 89' lang='grc'>-</span> <span class='ocrx_word' id='word_1_132' title='bbox 861 1405 899 1468; x_wconf 93' lang='grc' dir='ltr'>ΙΙ</span> <span class='ocrx_word' id='word_1_133' title='bbox 922 1429 941 1486; x_wconf 69' lang='grc' dir='ltr'><em>μ</em></span> <span class='ocrx_word' id='word_1_134' title='bbox 962 1406 995 1468; x_wconf 89' lang='lat'><strong>8:</strong></span> <span class='ocrx_word' id='word_1_135' title='bbox 1021 1407 1087 1490; x_wconf 78' lang='grc' dir='ltr'><em>περὶ</em></span> <span class='ocrx_word' id='word_1_136' title='bbox 1109 1405 1166 1490; x_wconf 65' lang='grc' dir='ltr'>γὰρ</span> <span class='ocrx_word' id='word_1_137' title='bbox 1189 1409 1240 1492; x_wconf 75' lang='grc' dir='ltr'>της</span> <span class='ocrx_word' id='word_1_138' title='bbox 1261 1405 1450 1475; x_wconf 69' lang='grc' dir='ltr'><em>εὐδαιμονίας</em></span> <span class='ocrx_word' id='word_1_139' title='bbox 1469 1404 1593 1491; x_wconf 85' lang='grc' dir='ltr'><em>τρέμων,</em></span> <span class='ocrx_word' id='word_1_140' title='bbox 1613 1407 1655 1492; x_wconf 76' lang='grc' dir='ltr'>μη</span> <span class='ocrx_word' id='word_1_141' title='bbox 1678 1404 1870 1492; x_wconf 70' lang='grc' dir='ltr'><em>ἀποστερηθῇ</em></span> <span class='ocrx_word' id='word_1_142' title='bbox 1893 1408 1951 1469; x_wconf 85' lang='grc' dir='ltr'><em>κτλ.</em></span> <span class='ocrx_word' id='word_1_143' title='bbox 1974 1447 1976 1453; x_wconf 89' lang='lat'>·</span> 
     </span>
     <span class='ocr_line' id='line_1_12' title="bbox 317 1501 1977 1589; baseline -0.002 -15"><span class='ocrx_word' id='word_1_144' title='bbox 317 1505 436 1574; x_wconf 89' lang='lat' dir='ltr'>habes:</span> <span class='ocrx_word' id='word_1_145' title='bbox 458 1507 502 1589; x_wconf 87' lang='lat' dir='ltr'>V,</span> <span class='ocrx_word' id='word_1_146' title='bbox 525 1511 572 1573; x_wconf 94' lang='grc'>11.</span> <span class='ocrx_word' id='word_1_147' title='bbox 594 1509 642 1573; x_wconf 93' lang='grc'><strong>58.</strong></span> <span class='ocrx_word' id='word_1_148' title='bbox 664 1508 713 1572; x_wconf 75' lang='lat'>85.</span> <span class='ocrx_word' id='word_1_149' title='bbox 745 1503 808 1586; x_wconf 91' lang='lat' dir='ltr'>VI,</span> <span class='ocrx_word' id='word_1_150' title='bbox 831 1508 877 1571; x_wconf 90' lang='lat'>10.</span> <span class='ocrx_word' id='word_1_151' title='bbox 899 1508 948 1569; x_wconf 88' lang='grc'>41.</span> <span class='ocrx_word' id='word_1_152' title='bbox 979 1501 1016 1567; x_wconf 87' lang='grc' dir='ltr'>ΙΙ</span> <span class='ocrx_word' id='word_1_153' title='bbox 1032 1505 1052 1567; x_wconf 94' lang='grc' dir='ltr'><em>δ</em></span> <span class='ocrx_word' id='word_1_154' title='bbox 1071 1506 1119 1589; x_wconf 86' lang='grc'>9),</span> <span class='ocrx_word' id='word_1_155' title='bbox 1140 1505 1175 1569; x_wconf 93' lang='lat' dir='ltr'>id</span> <span class='ocrx_word' id='word_1_156' title='bbox 1198 1506 1383 1570; x_wconf 84' lang='lat' dir='ltr'>accuratius</span> <span class='ocrx_word' id='word_1_157' title='bbox 1405 1513 1592 1588; x_wconf 87' lang='lat' dir='ltr'>spectemus</span> <span class='ocrx_word' id='word_1_158' title='bbox 1615 1505 1661 1568; x_wconf 91' lang='lat' dir='ltr'>rei</span> <span class='ocrx_word' id='word_1_159' title='bbox 1683 1506 1882 1588; x_wconf 82' lang='lat' dir='ltr'>premendae</span> <span class='ocrx_word' id='word_1_160' title='bbox 1904 1528 1977 1571; x_wconf 81' lang='lat' dir='ltr'>caue</span> 
     </span>
     <span class='ocr_line' id='line_1_13' title="bbox 318 1603 1956 1690; baseline -0.001 -19"><span class='ocrx_word' id='word_1_161' title='bbox 318 1607 475 1672; x_wconf 85' lang='lat' dir='ltr'>adverbia</span> <span class='ocrx_word' id='word_1_162' title='bbox 497 1616 529 1671; x_wconf 88' lang='lat' dir='ltr'>et</span> <span class='ocrx_word' id='word_1_163' title='bbox 550 1606 726 1690; x_wconf 91' lang='lat' dir='ltr'>participia</span> <span class='ocrx_word' id='word_1_164' title='bbox 748 1608 782 1667; x_wconf 93' lang='lat' dir='ltr'>in</span> <span class='ocrx_word' id='word_1_165' title='bbox 805 1605 1049 1667; x_wconf 87' lang='lat' dir='ltr'>enuntiatorum</span> <span class='ocrx_word' id='word_1_166' title='bbox 1071 1603 1136 1666; x_wconf 90' lang='lat' dir='ltr'>fine</span> <span class='ocrx_word' id='word_1_167' title='bbox 1158 1605 1325 1688; x_wconf 90' lang='lat' dir='ltr'>posuisse,</span> <span class='ocrx_word' id='word_1_168' title='bbox 1351 1603 1442 1686; x_wconf 91' lang='lat' dir='ltr'>quod</span> <span class='ocrx_word' id='word_1_169' title='bbox 1463 1626 1529 1666; x_wconf 88' lang='lat' dir='ltr'>non</span> <span class='ocrx_word' id='word_1_170' title='bbox 1552 1604 1660 1669; x_wconf 92' lang='lat' dir='ltr'>miuus</span> <span class='ocrx_word' id='word_1_171' title='bbox 1689 1603 1722 1666; x_wconf 95' lang='lat' dir='ltr'>in</span> <span class='ocrx_word' id='word_1_172' title='bbox 1752 1604 1956 1669; x_wconf 89' lang='lat' dir='ltr'>orationibus</span> 
     </span>
     <span class='ocr_line' id='line_1_14' title="bbox 319 1701 1979 1789; baseline -0.004 -17"><span class='ocrx_word' id='word_1_173' title='bbox 319 1717 467 1772; x_wconf 86' lang='lat' dir='ltr'>etsexta</span> <span class='ocrx_word' id='word_1_174' title='bbox 489 1729 589 1789; x_wconf 88' lang='lat' dir='ltr'>quam</span> <span class='ocrx_word' id='word_1_175' title='bbox 611 1705 645 1768; x_wconf 92' lang='lat' dir='ltr'>in</span> <span class='ocrx_word' id='word_1_176' title='bbox 666 1704 851 1789; x_wconf 87' lang='lat' dir='ltr'>tetralogiis</span> <span class='ocrx_word' id='word_1_177' title='bbox 872 1703 1014 1787; x_wconf 87' lang='lat' dir='ltr'>perspici</span> <span class='ocrx_word' id='word_1_178' title='bbox 1036 1710 1158 1786; x_wconf 90' lang='lat' dir='ltr'>potest.</span> <span class='ocrx_word' id='word_1_179' title='bbox 1202 1701 1252 1769; x_wconf 84' lang='lat' dir='ltr'>ef.</span> <span class='ocrx_word' id='word_1_180' title='bbox 1277 1702 1318 1784; x_wconf 94' lang='lat' dir='ltr'>V,</span> <span class='ocrx_word' id='word_1_181' title='bbox 1342 1703 1393 1766; x_wconf 91' lang='lat'>13:</span> <span class='ocrx_word' id='word_1_182' title='bbox 1418 1704 1508 1772; x_wconf 85' lang='grc' dir='ltr'><em>αδτδς</em></span> <span class='ocrx_word' id='word_1_183' title='bbox 1527 1709 1630 1788; x_wconf 79' lang='grc' dir='ltr'><em>σαυτῷ</em></span> <span class='ocrx_word' id='word_1_184' title='bbox 1652 1705 1739 1786; x_wconf 78' lang='grc' dir='ltr'><em>νόμον</em></span> <span class='ocrx_word' id='word_1_185' title='bbox 1761 1702 1892 1786; x_wconf 86' lang='grc' dir='ltr'><em>θέμενος,</em></span> <span class='ocrx_word' id='word_1_186' title='bbox 1917 1741 1954 1752; x_wconf 90' lang='lat'>-</span> <span class='ocrx_word' id='word_1_187' title='bbox 1977 1704 1979 1710; x_wconf 73' lang='grc'>’</span> 
     </span>
     <span class='ocr_line' id='line_1_15' title="bbox 318 1802 1980 1891; baseline -0.002 -21"><span class='ocrx_word' id='word_1_188' title='bbox 318 1809 359 1877; x_wconf 84' lang='grc' dir='ltr'><em>ὡς</em></span> <span class='ocrx_word' id='word_1_189' title='bbox 380 1811 428 1870; x_wconf 78' lang='grc' dir='ltr'>καὶ</span> <span class='ocrx_word' id='word_1_190' title='bbox 450 1810 510 1875; x_wconf 81' lang='grc' dir='ltr'><em>τοῖς</em></span> <span class='ocrx_word' id='word_1_191' title='bbox 529 1806 595 1868; x_wconf 80' lang='grc' dir='ltr'><em>τότε</em></span> <span class='ocrx_word' id='word_1_192' title='bbox 617 1805 768 1874; x_wconf 74' lang='grc' dir='ltr'><em>δικασταῖς</em></span> <span class='ocrx_word' id='word_1_193' title='bbox 786 1804 957 1891; x_wconf 71' lang='grc' dir='ltr'><em>α’πιστησων</em></span> <span class='ocrx_word' id='word_1_194' title='bbox 973 1852 979 1866; x_wconf 96' lang='grc'>.</span> <span class='ocrx_word' id='word_1_195' title='bbox 996 1857 1002 1869; x_wconf 92' lang='grc'><strong>.</strong></span> <span class='ocrx_word' id='word_1_196' title='bbox 1019 1856 1026 1870; x_wconf 91' lang='grc'><strong>.</strong></span> <span class='ocrx_word' id='word_1_197' title='bbox 1042 1805 1086 1872; x_wconf 81' lang='grc' dir='ltr'><em>ὡς</em></span> <span class='ocrx_word' id='word_1_198' title='bbox 1105 1806 1154 1865; x_wconf 83' lang='grc' dir='ltr'><em>τοῦ</em></span> <span class='ocrx_word' id='word_1_199' title='bbox 1176 1803 1269 1886; x_wconf 79' lang='grc' dir='ltr'><em>μόνον</em></span> <span class='ocrx_word' id='word_1_200' title='bbox 1290 1803 1342 1888; x_wconf 78' lang='grc' dir='ltr'><em>τὴν</em></span> <span class='ocrx_word' id='word_1_201' title='bbox 1364 1802 1446 1887; x_wconf 83' lang='grc' dir='ltr'><em>δίκην</em></span> <span class='ocrx_word' id='word_1_202' title='bbox 1461 1803 1623 1888; x_wconf 81' lang='grc' dir='ltr'><em>ὠμληκδτα</em></span> <span class='ocrx_word' id='word_1_203' title='bbox 1645 1803 1723 1885; x_wconf 88' lang='lat' dir='ltr'>(hoc</span> <span class='ocrx_word' id='word_1_204' title='bbox 1739 1802 1812 1885; x_wconf 89' lang='lat' dir='ltr'>ipso</span> <span class='ocrx_word' id='word_1_205' title='bbox 1828 1806 1901 1867; x_wconf 90' lang='lat' dir='ltr'>loco</span> <span class='ocrx_word' id='word_1_206' title='bbox 1916 1803 1951 1867; x_wconf 94' lang='lat' dir='ltr'>id</span> <span class='ocrx_word' id='word_1_207' title='bbox 1967 1825 1980 1886; x_wconf 74' lang='lat' dir='ltr'>c</span> 
     </span>
     <span class='ocr_line' id='line_1_16' title="bbox 317 1901 1975 1988; baseline -0.002 -20"><span class='ocrx_word' id='word_1_208' title='bbox 317 1902 647 1968; x_wconf 86' lang='lat' dir='ltr'>animadvertendum</span> <span class='ocrx_word' id='word_1_209' title='bbox 670 1911 720 1967; x_wconf 88' lang='lat' dir='ltr'>est</span> <span class='ocrx_word' id='word_1_210' title='bbox 741 1901 926 1988; x_wconf 86' lang='lat' dir='ltr'>genitivum</span> <span class='ocrx_word' id='word_1_211' title='bbox 949 1902 1137 1966; x_wconf 87' lang='lat' dir='ltr'>accusativo</span> <span class='ocrx_word' id='word_1_212' title='bbox 1160 1903 1383 1984; x_wconf 87' lang='lat' dir='ltr'>antepositum</span> <span class='ocrx_word' id='word_1_213' title='bbox 1405 1923 1487 1982; x_wconf 88' lang='lat' dir='ltr'>esse,</span> <span class='ocrx_word' id='word_1_214' title='bbox 1510 1901 1547 1966; x_wconf 85' lang='lat' dir='ltr'><strong>cf.</strong></span> <span class='ocrx_word' id='word_1_215' title='bbox 1561 1901 1626 1983; x_wconf 91' lang='lat' dir='ltr'>VI,</span> <span class='ocrx_word' id='word_1_216' title='bbox 1647 1902 1696 1966; x_wconf 91' lang='grc'>90.</span> <span class='ocrx_word' id='word_1_217' title='bbox 1728 1901 1766 1964; x_wconf 98' lang='grc' dir='ltr'>ΙΙ</span> <span class='ocrx_word' id='word_1_218' title='bbox 1786 1902 1810 1983; x_wconf 79' lang='grc' dir='ltr'><em>β</em></span> <span class='ocrx_word' id='word_1_219' title='bbox 1831 1902 1858 1966; x_wconf 94' lang='lat'>3.</span> <span class='ocrx_word' id='word_1_220' title='bbox 1887 1901 1941 1966; x_wconf 96' lang='lat' dir='ltr'>IV</span> <span class='ocrx_word' id='word_1_221' title='bbox 1956 1927 1975 1965; x_wconf 85' lang='grc' dir='ltr'><em>α</em></span> 
     </span>
     <span class='ocr_line' id='line_1_17' title="bbox 317 1989 1972 2087; baseline -0.002 -21"><span class='ocrx_word' id='word_1_222' title='bbox 317 2002 362 2083; x_wconf 88' lang='lat' dir='ltr'>V,</span> <span class='ocrx_word' id='word_1_223' title='bbox 382 2004 440 2066; x_wconf 88' lang='lat'>48:</span> <span class='ocrx_word' id='word_1_224' title='bbox 463 2001 524 2082; x_wconf 72' lang='grc' dir='ltr'>ἐγὼ</span> <span class='ocrx_word' id='word_1_225' title='bbox 547 2006 597 2064; x_wconf 81' lang='grc' dir='ltr'>νῦν</span> <span class='ocrx_word' id='word_1_226' title='bbox 611 2002 714 2085; x_wconf 70' lang='grc' dir='ltr'><em>φεύγω</em></span> <span class='ocrx_word' id='word_1_227' title='bbox 730 1996 787 2086; x_wconf 80' lang='grc' dir='ltr'>ὑφ’</span> <span class='ocrx_word' id='word_1_228' title='bbox 802 2001 885 2084; x_wconf 82' lang='grc' dir='ltr'><em>ὑμῶν</em></span> <span class='ocrx_word' id='word_1_229' title='bbox 899 2002 1018 2070; x_wconf 76' lang='grc' dir='ltr'><em>ἀδίκως.</em></span> <span class='ocrx_word' id='word_1_230' title='bbox 1040 2039 1078 2048; x_wconf 95' lang='grc'><strong>-</strong></span> <span class='ocrx_word' id='word_1_231' title='bbox 1103 1999 1147 2081; x_wconf 88' lang='lat' dir='ltr'>V,</span> <span class='ocrx_word' id='word_1_232' title='bbox 1169 2003 1222 2064; x_wconf 91' lang='lat'>67:</span> <span class='ocrx_word' id='word_1_233' title='bbox 1246 2000 1448 2087; x_wconf 86' lang='grc' dir='ltr'><em>εὑρεθέντας.</em></span> <span class='ocrx_word' id='word_1_234' title='bbox 1465 2053 1472 2068; x_wconf 91' lang='grc'><strong>.</strong></span> <span class='ocrx_word' id='word_1_235' title='bbox 1488 1989 1581 2070; x_wconf 74' lang='grc' dir='ltr'><em>,τοὺς</em></span> <span class='ocrx_word' id='word_1_236' title='bbox 1592 2000 1829 2083; x_wconf 66' lang='grc' dir='ltr'><em>συγγενομένους.</em></span> <span class='ocrx_word' id='word_1_237' title='bbox 1853 2039 1890 2049; x_wconf 91' lang='lat'><em>-</em></span> <span class='ocrx_word' id='word_1_238' title='bbox 1914 2004 1972 2067; x_wconf 89' lang='lat'><strong>68:</strong></span> 
     </span>
     <span class='ocr_line' id='line_1_18' title="bbox 317 2097 1983 2187; baseline -0.004 -23"><span class='ocrx_word' id='word_1_239' title='bbox 317 2097 469 2187; x_wconf 70' lang='grc' dir='ltr'><em>Ἐφιάλτην</em></span> <span class='ocrx_word' id='word_1_240' title='bbox 484 2153 491 2169; x_wconf 88' lang='grc'><strong>.</strong></span> <span class='ocrx_word' id='word_1_241' title='bbox 507 2152 513 2166; x_wconf 90' lang='grc'>.</span> <span class='ocrx_word' id='word_1_242' title='bbox 530 2153 536 2166; x_wconf 92' lang='grc'><strong>.</strong></span> <span class='ocrx_word' id='word_1_243' title='bbox 553 2153 560 2168; x_wconf 88' lang='grc'><strong>.</strong></span> <span class='ocrx_word' id='word_1_244' title='bbox 577 2103 603 2162; x_wconf 83' lang='grc' dir='ltr'>οἱ</span> <span class='ocrx_word' id='word_1_245' title='bbox 624 2101 857 2169; x_wconf 78' lang='grc' dir='ltr'><em>ἀποκτείναντες.</em></span> <span class='ocrx_word' id='word_1_246' title='bbox 886 2138 927 2147; x_wconf 90' lang='grc'>-</span> <span class='ocrx_word' id='word_1_247' title='bbox 958 2102 1015 2165; x_wconf 88' lang='lat'>75:</span> <span class='ocrx_word' id='word_1_248' title='bbox 1037 2099 1141 2166; x_wconf 83' lang='grc' dir='ltr'><strong>...οδ</strong></span> <span class='ocrx_word' id='word_1_249' title='bbox 1166 2100 1317 2184; x_wconf 75' lang='grc' dir='ltr'><em>προδώσω</em></span> <span class='ocrx_word' id='word_1_250' title='bbox 1347 2101 1395 2162; x_wconf 85' lang='grc' dir='ltr'><em>τὸν</em></span> <span class='ocrx_word' id='word_1_251' title='bbox 1418 2099 1533 2184; x_wconf 86' lang='grc' dir='ltr'><em>πατέρα</em></span> <span class='ocrx_word' id='word_1_252' title='bbox 1555 2105 1657 2169; x_wconf 78' lang='grc' dir='ltr'><em>κακῶς</em></span> <span class='ocrx_word' id='word_1_253' title='bbox 1674 2100 1819 2162; x_wconf 73' lang='grc' dir='ltr'><em>ἀκούοντα</em></span> <span class='ocrx_word' id='word_1_254' title='bbox 1841 2099 1873 2163; x_wconf 85' lang='grc' dir='ltr'>ἐν</span> <span class='ocrx_word' id='word_1_255' title='bbox 1896 2101 1983 2183; x_wconf 77' lang='grc' dir='ltr'><strong>ὑμῖν.</strong></span> 
     </span>
     <span class='ocr_line' id='line_1_19' title="bbox 316 2196 1985 2288; baseline -0.002 -23"><span class='ocrx_word' id='word_1_256' title='bbox 316 2202 411 2265; x_wconf 88' lang='lat' dir='ltr'>Alia:</span> <span class='ocrx_word' id='word_1_257' title='bbox 440 2200 484 2281; x_wconf 94' lang='lat' dir='ltr'>V,</span> <span class='ocrx_word' id='word_1_258' title='bbox 506 2203 555 2265; x_wconf 89' lang='grc'>60.</span> <span class='ocrx_word' id='word_1_259' title='bbox 585 2203 633 2264; x_wconf 92' lang='grc'>79.</span> <span class='ocrx_word' id='word_1_260' title='bbox 664 2201 712 2265; x_wconf 93' lang='grc'>89.</span> <span class='ocrx_word' id='word_1_261' title='bbox 755 2199 815 2280; x_wconf 86' lang='lat' dir='ltr'>VI,</span> <span class='ocrx_word' id='word_1_262' title='bbox 837 2199 886 2262; x_wconf 87' lang='grc'>96.</span> <span class='ocrx_word' id='word_1_263' title='bbox 912 2198 960 2262; x_wconf 94' lang='grc'>98.</span> <span class='ocrx_word' id='word_1_264' title='bbox 990 2199 1039 2264; x_wconf 91' lang='grc'>34.</span> <span class='ocrx_word' id='word_1_265' title='bbox 1067 2199 1115 2263; x_wconf 88' lang='grc'>36.</span> <span class='ocrx_word' id='word_1_266' title='bbox 1145 2197 1194 2262; x_wconf 88' lang='lat'>38.</span> <span class='ocrx_word' id='word_1_267' title='bbox 1237 2198 1314 2260; x_wconf 89' lang='lat' dir='ltr'>Alia</span> <span class='ocrx_word' id='word_1_268' title='bbox 1336 2196 1436 2260; x_wconf 80' lang='lat' dir='ltr'>verba</span> <span class='ocrx_word' id='word_1_269' title='bbox 1458 2220 1591 2282; x_wconf 89' lang='lat' dir='ltr'>quoque</span> <span class='ocrx_word' id='word_1_270' title='bbox 1612 2199 1646 2262; x_wconf 94' lang='lat' dir='ltr'>in</span> <span class='ocrx_word' id='word_1_271' title='bbox 1668 2199 1733 2262; x_wconf 88' lang='lat' dir='ltr'>fine</span> <span class='ocrx_word' id='word_1_272' title='bbox 1754 2199 1866 2282; x_wconf 89' lang='lat' dir='ltr'>posuit</span> <span class='ocrx_word' id='word_1_273' title='bbox 1888 2209 1925 2262; x_wconf 92' lang='lat' dir='ltr'>ut</span> <span class='ocrx_word' id='word_1_274' title='bbox 1948 2221 1985 2288; x_wconf 84' lang='lat' dir='ltr'>ea</span> 
     </span>
     <span class='ocr_line' id='line_1_20' title="bbox 316 2289 1986 2383; baseline -0.002 -19"><span class='ocrx_word' id='word_1_275' title='bbox 316 2301 416 2381; x_wconf 88' lang='lat' dir='ltr'>dicet,</span> <span class='ocrx_word' id='word_1_276' title='bbox 437 2303 544 2363; x_wconf 85' lang='lat' dir='ltr'>velut:</span> <span class='ocrx_word' id='word_1_277' title='bbox 567 2298 611 2378; x_wconf 96' lang='lat' dir='ltr'>V,</span> <span class='ocrx_word' id='word_1_278' title='bbox 635 2301 688 2361; x_wconf 90' lang='lat'>17:</span> <span class='ocrx_word' id='word_1_279' title='bbox 714 2298 801 2360; x_wconf 82' lang='grc' dir='ltr'><em>τοῦδε</em></span> <span class='ocrx_word' id='word_1_280' title='bbox 823 2301 873 2359; x_wconf 78' lang='grc' dir='ltr'><em>τοῦ</em></span> <span class='ocrx_word' id='word_1_281' title='bbox 897 2297 994 2380; x_wconf 84' lang='grc' dir='ltr'><em>νδμοο.</em></span> <span class='ocrx_word' id='word_1_282' title='bbox 1017 2335 1056 2346; x_wconf 82' lang='lat'>—</span> <span class='ocrx_word' id='word_1_283' title='bbox 1080 2298 1134 2361; x_wconf 93' lang='lat'><strong>18:</strong></span> <span class='ocrx_word' id='word_1_284' title='bbox 1158 2296 1507 2377; x_wconf 57' lang='lat' dir='ltr'>:anachoritarum</span> <span class='ocrx_word' id='word_1_285' title='bbox 1528 2296 1572 2378; x_wconf 91' lang='lat' dir='ltr'>V,</span> <span class='ocrx_word' id='word_1_286' title='bbox 1596 2297 1650 2363; x_wconf 81' lang='lat'>13:</span> <span class='ocrx_word' id='word_1_287' title='bbox 1675 2297 1852 2383; x_wconf 66' lang='grc' dir='ltr'><em>εἷςτθνμῆν</em></span> <span class='ocrx_word' id='word_1_288' title='bbox 1875 2289 1986 2381; x_wconf 68' lang='grc' dir='ltr'><em>ταύτην</em></span> 
     </span>
     <span class='ocr_line' id='line_1_21' title="bbox 317 2395 1987 2480; baseline -0.002 -16"><span class='ocrx_word' id='word_1_289' title='bbox 317 2399 418 2464; x_wconf 84' lang='lat' dir='ltr'>verba</span> <span class='ocrx_word' id='word_1_290' title='bbox 440 2398 572 2480; x_wconf 89' lang='lat' dir='ltr'>saepius</span> <span class='ocrx_word' id='word_1_291' title='bbox 593 2399 626 2458; x_wconf 92' lang='lat' dir='ltr'>in</span> <span class='ocrx_word' id='word_1_292' title='bbox 647 2397 713 2460; x_wconf 89' lang='lat' dir='ltr'>fine</span> <span class='ocrx_word' id='word_1_293' title='bbox 736 2397 980 2461; x_wconf 88' lang='lat' dir='ltr'>enuntiatorum</span> <span class='ocrx_word' id='word_1_294' title='bbox 1000 2397 1110 2480; x_wconf 90' lang='lat' dir='ltr'>posita</span> <span class='ocrx_word' id='word_1_295' title='bbox 1140 2404 1330 2473; x_wconf 83' lang='lat' dir='ltr'>occurrunt3</span> <span class='ocrx_word' id='word_1_296' title='bbox 1367 2395 1405 2460; x_wconf 85' lang='lat' dir='ltr'><strong>cf.</strong></span> <span class='ocrx_word' id='word_1_297' title='bbox 1427 2418 1562 2479; x_wconf 89' lang='lat' dir='ltr'>quoque</span> <span class='ocrx_word' id='word_1_298' title='bbox 1585 2395 1627 2477; x_wconf 90' lang='lat' dir='ltr'>V,</span> <span class='ocrx_word' id='word_1_299' title='bbox 1649 2399 1677 2460; x_wconf 93' lang='lat'>9.</span> <span class='ocrx_word' id='word_1_300' title='bbox 1700 2395 1749 2462; x_wconf 90' lang='lat'><strong>34.</strong></span> <span class='ocrx_word' id='word_1_301' title='bbox 1779 2395 1843 2478; x_wconf 93' lang='lat' dir='ltr'>VI,</span> <span class='ocrx_word' id='word_1_302' title='bbox 1865 2399 1894 2478; x_wconf 88' lang='lat'>7,</span> <span class='ocrx_word' id='word_1_303' title='bbox 1916 2397 1987 2460; x_wconf 92' lang='grc'>33</span> 
     </span>
     <span class='ocr_line' id='line_1_22' title="bbox 318 2491 1989 2614; baseline -0.002 -54"><span class='ocrx_word' id='word_1_304' title='bbox 318 2495 554 2580; x_wconf 79' lang='lat' dir='ltr'>Etetralogiis</span> <span class='ocrx_word' id='word_1_305' title='bbox 574 2495 672 2558; x_wconf 88' lang='lat' dir='ltr'>liceat</span> <span class='ocrx_word' id='word_1_306' title='bbox 694 2499 850 2561; x_wconf 92' lang='lat' dir='ltr'>nonnulla</span> <span class='ocrx_word' id='word_1_307' title='bbox 872 2499 1021 2581; x_wconf 83' lang='lat' dir='ltr'>exempla</span> <span class='ocrx_word' id='word_1_308' title='bbox 1044 2495 1175 2558; x_wconf 83' lang='lat' dir='ltr'>aflerre:</span> <span class='ocrx_word' id='word_1_309' title='bbox 1198 2491 1236 2558; x_wconf 94' lang='lat' dir='ltr'>Il</span> <span class='ocrx_word' id='word_1_310' title='bbox 1258 2497 1336 2560; x_wconf 81' lang='lat' dir='ltr'>a5:</span> <span class='ocrx_word' id='word_1_311' title='bbox 1354 2501 1626 2614; x_wconf 75' lang='grc' dir='ltr'><em>προτιμῶντες-</em></span> <span class='ocrx_word' id='word_1_312' title='bbox 1649 2495 1687 2559; x_wconf 92' lang='grc' dir='ltr'>ΙΙ</span> <span class='ocrx_word' id='word_1_313' title='bbox 1703 2496 1770 2560; x_wconf 75' lang='grc' dir='ltr'>δ8ε</span> <span class='ocrx_word' id='word_1_314' title='bbox 1793 2497 1869 2558; x_wconf 84' lang='grc' dir='ltr'>οδ</span> <span class='ocrx_word' id='word_1_315' title='bbox 1851 2519 1989 2613; x_wconf 60' lang='lat' dir='ltr'>apparea</span> 
     </span>
     <span class='ocr_line' id='line_1_23' title="bbox 319 2593 1961 2711; baseline -0.001 -53"><span class='ocrx_word' id='word_1_316' title='bbox 319 2633 356 2642; x_wconf 88' lang='lat'>—-</span> <span class='ocrx_word' id='word_1_317' title='bbox 380 2594 438 2658; x_wconf 92' lang='grc' dir='ltr'>ΙΙΙ</span> <span class='ocrx_word' id='word_1_318' title='bbox 461 2597 533 2676; x_wconf 72' lang='lat' dir='ltr'>r9:</span> <span class='ocrx_word' id='word_1_319' title='bbox 563 2596 750 2711; x_wconf 74' lang='grc' dir='ltr'><em>ἀτιμώρητος</em></span> <span class='ocrx_word' id='word_1_320' title='bbox 734 2620 787 2675; x_wconf 69' lang='lat' dir='ltr'>y</span> <span class='ocrx_word' id='word_1_321' title='bbox 787 2598 930 2679; x_wconf 79' lang='grc' dir='ltr'><em>ενόμενος.</em></span> <span class='ocrx_word' id='word_1_322' title='bbox 969 2595 1086 2660; x_wconf 90' lang='grc' dir='ltr'>-ΙΙΙ</span> <span class='ocrx_word' id='word_1_323' title='bbox 1108 2595 1183 2660; x_wconf 66' lang='lat'>65:</span> <span class='ocrx_word' id='word_1_324' title='bbox 1213 2595 1427 2680; x_wconf 80' lang='grc' dir='ltr'><em>περιπεσών..</em></span> <span class='ocrx_word' id='word_1_325' title='bbox 1445 2594 1569 2663; x_wconf 83' lang='grc' dir='ltr'><em>ἑστώς.</em></span> <span class='ocrx_word' id='word_1_326' title='bbox 1597 2593 1708 2657; x_wconf 91' lang='lat' dir='ltr'>··--IV</span> <span class='ocrx_word' id='word_1_327' title='bbox 1730 2597 1802 2676; x_wconf 70' lang='lat'>76:</span> <span class='ocrx_word' id='word_1_328' title='bbox 1827 2595 1897 2657; x_wconf 81' lang='grc' dir='ltr'><em>τοθτ</em></span> <span class='ocrx_word' id='word_1_329' title='bbox 1895 2620 1961 2679; x_wconf 84' lang='grc' dir='ltr'><strong>ῳ.</strong></span> 
     </span>
     <span class='ocr_line' id='line_1_24' title="bbox 319 2648 1991 2806; baseline 0.001 -49"><span class='ocrx_word' id='word_1_330' title='bbox 319 2718 412 2757; x_wconf 89' lang='grc' dir='ltr'><em>ταοτα</em></span> <span class='ocrx_word' id='word_1_331' title='bbox 433 2695 481 2756; x_wconf 79' lang='grc' dir='ltr'>καὶ</span> <span class='ocrx_word' id='word_1_332' title='bbox 502 2692 530 2756; x_wconf 84' lang='grc' dir='ltr'>ἔ.</span> <span class='ocrx_word' id='word_1_333' title='bbox 520 2717 544 2754; x_wconf 85' lang='grc' dir='ltr'>-ι</span> <span class='ocrx_word' id='word_1_334' title='bbox 567 2693 678 2756; x_wconf 80' lang='grc' dir='ltr'><em>τούτων</em></span> <span class='ocrx_word' id='word_1_335' title='bbox 699 2695 853 2779; x_wconf 80' lang='grc' dir='ltr'><em>δεινθτεοα</em></span> <span class='ocrx_word' id='word_1_336' title='bbox 876 2695 978 2775; x_wconf 75' lang='grc' dir='ltr'><em>λέγειν,</em></span> <span class='ocrx_word' id='word_1_337' title='bbox 1003 2699 1122 2758; x_wconf 77' lang='grc' dir='ltr'><em>τοιαῦτα</em></span> <span class='ocrx_word' id='word_1_338' title='bbox 1137 2695 1367 2806; x_wconf 83' lang='grc' dir='ltr'><em>δεδρακδτι-</em></span> <span class='ocrx_word' id='word_1_339' title='bbox 1329 2695 1468 2757; x_wconf 90' lang='lat' dir='ltr'>-Alia</span> <span class='ocrx_word' id='word_1_340' title='bbox 1484 2702 1577 2758; x_wconf 90' lang='lat' dir='ltr'>sunt:</span> <span class='ocrx_word' id='word_1_341' title='bbox 1600 2693 1765 2776; x_wconf 61' lang='lat' dir='ltr'>Half</span> <span class='ocrx_word' id='word_1_342' title='bbox 1787 2697 1835 2760; x_wconf 89' lang='grc'><strong>10.</strong></span> <span class='ocrx_word' id='word_1_343' title='bbox 1866 2695 1931 2757; x_wconf 89' lang='grc' dir='ltr'>δ9</span> <span class='ocrx_word' id='word_1_344' title='bbox 1964 2648 1991 2782; x_wconf 74' lang='lat' dir='ltr'>ii</span> 
     </span>
     <span class='ocr_line' id='line_1_25' title="bbox 319 2719 1973 2878; baseline 0.001 -22"><span class='ocrx_word' id='word_1_345' title='bbox 319 2795 385 2875; x_wconf 68' lang='grc' dir='ltr'><strong>γ7.</strong></span> <span class='ocrx_word' id='word_1_346' title='bbox 410 2793 553 2860; x_wconf 90' lang='grc' dir='ltr'><strong>11.1δ8.</strong></span> <span class='ocrx_word' id='word_1_347' title='bbox 581 2791 676 2855; x_wconf 90' lang='lat' dir='ltr'>IV</span> <span class='ocrx_word' id='word_1_348' title='bbox 656 2817 673 2855; x_wconf 94' lang='grc' dir='ltr'><em>ο</em></span> <span class='ocrx_word' id='word_1_349' title='bbox 695 2794 723 2855; x_wconf 91' lang='grc'>4.</span> <span class='ocrx_word' id='word_1_350' title='bbox 759 2830 796 2839; x_wconf 96' lang='grc'><strong>-</strong></span> <span class='ocrx_word' id='word_1_351' title='bbox 830 2792 871 2855; x_wconf 91' lang='lat' dir='ltr'>ln</span> <span class='ocrx_word' id='word_1_352' title='bbox 900 2793 1013 2875; x_wconf 92' lang='lat' dir='ltr'>primis</span> <span class='ocrx_word' id='word_1_353' title='bbox 1040 2795 1235 2876; x_wconf 89' lang='lat' dir='ltr'>pronomina</span> <span class='ocrx_word' id='word_1_354' title='bbox 1261 2793 1449 2878; x_wconf 88' lang='lat' dir='ltr'>possessiva</span> <span class='ocrx_word' id='word_1_355' title='bbox 1478 2801 1510 2856; x_wconf 89' lang='lat' dir='ltr'>et</span> <span class='ocrx_word' id='word_1_356' title='bbox 1541 2719 1802 2858; x_wconf 82' lang='lat' dir='ltr'>demonstrativa</span> <span class='ocrx_word' id='word_1_357' title='bbox 1824 2791 1910 2877; x_wconf 85' lang='lat' dir='ltr'>quae</span> <span class='ocrx_word' id='word_1_358' title='bbox 1933 2818 1973 2857; x_wconf 90' lang='lat' dir='ltr'>vo</span> 
     </span>
     <span class='ocr_line' id='line_1_26' title="bbox 319 2890 1972 2977; baseline 0.001 -23"><span class='ocrx_word' id='word_1_359' title='bbox 319 2914 393 2954; x_wconf 91' lang='lat' dir='ltr'>cum</span> <span class='ocrx_word' id='word_1_360' title='bbox 414 2891 449 2954; x_wconf 94' lang='lat' dir='ltr'>in</span> <span class='ocrx_word' id='word_1_361' title='bbox 471 2891 518 2956; x_wconf 90' lang='lat' dir='ltr'>eis</span> <span class='ocrx_word' id='word_1_362' title='bbox 540 2895 615 2975; x_wconf 92' lang='lat' dir='ltr'>plns</span> <span class='ocrx_word' id='word_1_363' title='bbox 636 2891 811 2976; x_wconf 85' lang='lat' dir='ltr'>gravitatis</span> <span class='ocrx_word' id='word_1_364' title='bbox 832 2890 939 2955; x_wconf 89' lang='lat' dir='ltr'>inesse</span> <span class='ocrx_word' id='word_1_365' title='bbox 962 2895 1032 2955; x_wconf 89' lang='lat' dir='ltr'>vult</span> <span class='ocrx_word' id='word_1_366' title='bbox 1054 2901 1112 2955; x_wconf 91' lang='lat' dir='ltr'>aut</span> <span class='ocrx_word' id='word_1_367' title='bbox 1140 2893 1359 2977; x_wconf 89' lang='lat' dir='ltr'>oppositionis</span> <span class='ocrx_word' id='word_1_368' title='bbox 1391 2915 1490 2956; x_wconf 88' lang='lat' dir='ltr'>causa</span> <span class='ocrx_word' id='word_1_369' title='bbox 1522 2892 1702 2976; x_wconf 87' lang='lat' dir='ltr'>premit,</span> <span class='ocrx_word' id='word_1_370' title='bbox 1694 2915 1727 2955; x_wconf 90' lang='lat' dir='ltr'>m</span> <span class='ocrx_word' id='word_1_371' title='bbox 1761 2893 1972 2957; x_wconf 86' lang='lat' dir='ltr'>enuntiatoru</span> 
     </span>
     <span class='ocr_line' id='line_1_27' title="bbox 317 2989 1993 3078; baseline 0.001 -25"><span class='ocrx_word' id='word_1_372' title='bbox 317 3013 441 3074; x_wconf 89' lang='lat' dir='ltr'>ponere</span> <span class='ocrx_word' id='word_1_373' title='bbox 462 2994 546 3055; x_wconf 90' lang='lat' dir='ltr'>solet</span> <span class='ocrx_word' id='word_1_374' title='bbox 569 2999 601 3053; x_wconf 89' lang='lat' dir='ltr'>et</span> <span class='ocrx_word' id='word_1_375' title='bbox 623 2991 672 3052; x_wconf 88' lang='lat' dir='ltr'>ita</span> <span class='ocrx_word' id='word_1_376' title='bbox 694 2991 829 3073; x_wconf 89' lang='lat' dir='ltr'>quidem</span> <span class='ocrx_word' id='word_1_377' title='bbox 850 2999 888 3053; x_wconf 90' lang='lat' dir='ltr'>ut</span> <span class='ocrx_word' id='word_1_378' title='bbox 909 2992 1103 3073; x_wconf 89' lang='lat' dir='ltr'>plerumque</span> <span class='ocrx_word' id='word_1_379' title='bbox 1124 2992 1318 3078; x_wconf 92' lang='lat' dir='ltr'>pronomina</span> <span class='ocrx_word' id='word_1_380' title='bbox 1340 2989 1549 3056; x_wconf 88' lang='lat' dir='ltr'>substantiva</span> <span class='ocrx_word' id='word_1_381' title='bbox 1572 3014 1645 3054; x_wconf 93' lang='lat' dir='ltr'>cum</span> <span class='ocrx_word' id='word_1_382' title='bbox 1667 2989 1788 3074; x_wconf 90' lang='lat' dir='ltr'>quibus</span> <span class='ocrx_word' id='word_1_383' title='bbox 1820 2994 1993 3076; x_wconf 85' lang='lat' dir='ltr'>conjuncta</span> 
     </span>
     <span class='ocr_line' id='line_1_28' title="bbox 320 3065 1993 3173; baseline 0.004 -21"><span class='ocrx_word' id='word_1_384' title='bbox 320 3097 517 3169; x_wconf 74' lang='lat' dir='ltr'>sequantur:</span> <span class='ocrx_word' id='word_1_385' title='bbox 553 3089 587 3150; x_wconf 88' lang='lat' dir='ltr'>in</span> <span class='ocrx_word' id='word_1_386' title='bbox 620 3088 794 3153; x_wconf 88' lang='lat' dir='ltr'>verborum</span> <span class='ocrx_word' id='word_1_387' title='bbox 826 3097 937 3153; x_wconf 90' lang='lat' dir='ltr'>autem</span> <span class='ocrx_word' id='word_1_388' title='bbox 970 3090 1055 3153; x_wconf 87' lang='lat' dir='ltr'>intra</span> <span class='ocrx_word' id='word_1_389' title='bbox 1083 3090 1326 3154; x_wconf 90' lang='lat' dir='ltr'>enuntiatorum</span> <span class='ocrx_word' id='word_1_390' title='bbox 1349 3089 1511 3154; x_wconf 89' lang='lat' dir='ltr'>ambitum</span> <span class='ocrx_word' id='word_1_391' title='bbox 1533 3089 1647 3153; x_wconf 87' lang='lat' dir='ltr'>ordine</span> <span class='ocrx_word' id='word_1_392' title='bbox 1667 3091 1861 3173; x_wconf 90' lang='lat' dir='ltr'>pronomina</span> <span class='ocrx_word' id='word_1_393' title='bbox 1883 3065 1993 3158; x_wconf 71' lang='lat' dir='ltr'>substi</span> 
     </span>
     <span class='ocr_line' id='line_1_29' title="bbox 319 3187 1992 3274; baseline 0.002 -25"><span class='ocrx_word' id='word_1_394' title='bbox 319 3187 500 3271; x_wconf 89' lang='lat' dir='ltr'>praemissa</span> <span class='ocrx_word' id='word_1_395' title='bbox 523 3196 701 3271; x_wconf 88' lang='lat' dir='ltr'>apparent,</span> <span class='ocrx_word' id='word_1_396' title='bbox 732 3211 932 3273; x_wconf 90' lang='lat' dir='ltr'>quamquam</span> <span class='ocrx_word' id='word_1_397' title='bbox 961 3212 1027 3252; x_wconf 93' lang='lat' dir='ltr'>non</span> <span class='ocrx_word' id='word_1_398' title='bbox 1049 3187 1189 3252; x_wconf 88' lang='lat' dir='ltr'>dixerim</span> <span class='ocrx_word' id='word_1_399' title='bbox 1210 3192 1308 3252; x_wconf 90' lang='lat' dir='ltr'>talem</span> <span class='ocrx_word' id='word_1_400' title='bbox 1332 3189 1596 3274; x_wconf 87' lang='lat' dir='ltr'>conjunctionem</span> <span class='ocrx_word' id='word_1_401' title='bbox 1618 3211 1751 3272; x_wconf 88' lang='lat' dir='ltr'>prorsus</span> <span class='ocrx_word' id='word_1_402' title='bbox 1772 3189 1805 3252; x_wconf 91' lang='lat' dir='ltr'>in</span> <span class='ocrx_word' id='word_1_403' title='bbox 1827 3189 1892 3253; x_wconf 90' lang='lat' dir='ltr'>fine</span> <span class='ocrx_word' id='word_1_404' title='bbox 1915 3212 1992 3253; x_wconf 84' lang='lat' dir='ltr'>enur</span> 
     </span>
     <span class='ocr_line' id='line_1_30' title="bbox 320 3286 1992 3374; baseline 0.001 -25"><span class='ocrx_word' id='word_1_405' title='bbox 320 3308 392 3350; x_wconf 92' lang='lat' dir='ltr'>rum</span> <span class='ocrx_word' id='word_1_406' title='bbox 414 3309 485 3352; x_wconf 91' lang='lat' dir='ltr'>esse</span> <span class='ocrx_word' id='word_1_407' title='bbox 508 3289 676 3354; x_wconf 84' lang='lat' dir='ltr'>evitatam.</span> <span class='ocrx_word' id='word_1_408' title='bbox 719 3286 827 3374; x_wconf 85' lang='lat' dir='ltr'>Supra</span> <span class='ocrx_word' id='word_1_409' title='bbox 844 3291 914 3374; x_wconf 89' lang='lat' dir='ltr'>jam</span> <span class='ocrx_word' id='word_1_410' title='bbox 936 3291 1093 3352; x_wconf 92' lang='lat' dir='ltr'>nonnulla</span> <span class='ocrx_word' id='word_1_411' title='bbox 1115 3293 1265 3372; x_wconf 84' lang='lat' dir='ltr'>exempla</span> <span class='ocrx_word' id='word_1_412' title='bbox 1285 3288 1482 3372; x_wconf 88' lang='lat' dir='ltr'>protulimus</span> <span class='ocrx_word' id='word_1_413' title='bbox 1505 3291 1611 3351; x_wconf 88' lang='lat' dir='ltr'>velut:</span> <span class='ocrx_word' id='word_1_414' title='bbox 1633 3286 1677 3369; x_wconf 90' lang='lat' dir='ltr'>V,</span> <span class='ocrx_word' id='word_1_415' title='bbox 1699 3289 1753 3351; x_wconf 80' lang='lat'>13:</span> <span class='ocrx_word' id='word_1_416' title='bbox 1776 3289 1820 3358; x_wconf 80' lang='grc' dir='ltr'>εἷς</span> <span class='ocrx_word' id='word_1_417' title='bbox 1838 3291 1889 3374; x_wconf 73' lang='grc' dir='ltr'><em>τὴν</em></span> <span class='ocrx_word' id='word_1_418' title='bbox 1911 3293 1992 3373; x_wconf 66' lang='grc' dir='ltr'><strong>μῆν’.</strong></span> 
     </span>
     <span class='ocr_line' id='line_1_31' title="bbox 320 3381 1992 3475; baseline 0.002 -27"><span class='ocrx_word' id='word_1_419' title='bbox 320 3413 357 3432; x_wconf 93' lang='grc'>·-</span> <span class='ocrx_word' id='word_1_420' title='bbox 380 3381 425 3464; x_wconf 91' lang='lat' dir='ltr'>V,</span> <span class='ocrx_word' id='word_1_421' title='bbox 447 3385 501 3450; x_wconf 88' lang='lat'>34:</span> <span class='ocrx_word' id='word_1_422' title='bbox 526 3387 582 3449; x_wconf 80' lang='grc' dir='ltr'>ὑπὸ</span> <span class='ocrx_word' id='word_1_423' title='bbox 606 3393 664 3450; x_wconf 79' lang='grc' dir='ltr'><em>τῶν</em></span> <span class='ocrx_word' id='word_1_424' title='bbox 685 3388 804 3475; x_wconf 74' lang='grc' dir='ltr'><em>ἐχθρῶν</em></span> <span class='ocrx_word' id='word_1_425' title='bbox 828 3394 885 3450; x_wconf 85' lang='grc' dir='ltr'><em>τῶν</em></span> <span class='ocrx_word' id='word_1_426' title='bbox 906 3389 994 3471; x_wconf 81' lang='grc' dir='ltr'><em>ἐμῶν.</em></span> <span class='ocrx_word' id='word_1_427' title='bbox 1019 3425 1058 3434; x_wconf 93' lang='grc'>-</span> <span class='ocrx_word' id='word_1_428' title='bbox 1081 3386 1144 3468; x_wconf 87' lang='lat' dir='ltr'>VI,</span> <span class='ocrx_word' id='word_1_429' title='bbox 1165 3391 1199 3451; x_wconf 89' lang='lat'>7:</span> <span class='ocrx_word' id='word_1_430' title='bbox 1222 3388 1256 3449; x_wconf 82' lang='grc' dir='ltr'>ἐκ</span> <span class='ocrx_word' id='word_1_431' title='bbox 1277 3391 1330 3474; x_wconf 72' lang='grc' dir='ltr'>τῆς</span> <span class='ocrx_word' id='word_1_432' title='bbox 1348 3392 1402 3474; x_wconf 66' lang='grc' dir='ltr'><em>γης</em></span> <span class='ocrx_word' id='word_1_433' title='bbox 1421 3388 1535 3474; x_wconf 79' lang='grc' dir='ltr'><em>ταύτης.</em></span> <span class='ocrx_word' id='word_1_434' title='bbox 1558 3424 1597 3433; x_wconf 93' lang='grc'><strong>-</strong></span> <span class='ocrx_word' id='word_1_435' title='bbox 1620 3386 1684 3468; x_wconf 88' lang='lat' dir='ltr'>VI,</span> <span class='ocrx_word' id='word_1_436' title='bbox 1706 3387 1765 3451; x_wconf 87' lang='lat'>33:</span> <span class='ocrx_word' id='word_1_437' title='bbox 1795 3391 1848 3472; x_wconf 74' lang='grc' dir='ltr'>τῆς</span> <span class='ocrx_word' id='word_1_438' title='bbox 1869 3388 1964 3457; x_wconf 80' lang='grc' dir='ltr'><em>αἰτίας</em></span> <span class='ocrx_word' id='word_1_439' title='bbox 1984 3413 1992 3451; x_wconf 80' lang='lat' dir='ltr'>r</span> 
     </span>
     <span class='ocr_line' id='line_1_32' title="bbox 320 3475 1992 3574; baseline 0.004 -30"><span class='ocrx_word' id='word_1_440' title='bbox 320 3521 357 3530; x_wconf 89' lang='grc'>-</span> <span class='ocrx_word' id='word_1_441' title='bbox 380 3481 444 3565; x_wconf 91' lang='lat' dir='ltr'>VI,</span> <span class='ocrx_word' id='word_1_442' title='bbox 465 3487 500 3548; x_wconf 94' lang='lat'>9:</span> <span class='ocrx_word' id='word_1_443' title='bbox 526 3485 694 3571; x_wconf 77' lang='grc' dir='ltr'><em>τδττλῆθος</em></span> <span class='ocrx_word' id='word_1_444' title='bbox 713 3490 745 3550; x_wconf 87' lang='grc' dir='ltr'><em>τδ</em></span> <span class='ocrx_word' id='word_1_445' title='bbox 768 3475 909 3574; x_wconf 75' lang='grc' dir='ltr'><em>ὑμέτερον</em></span> <span class='ocrx_word' id='word_1_446' title='bbox 924 3489 964 3549; x_wconf 89' lang='lat' dir='ltr'>al.</span> <span class='ocrx_word' id='word_1_447' title='bbox 980 3488 1100 3564; x_wconf 83' lang='lat' dir='ltr'>multa3</span> <span class='ocrx_word' id='word_1_448' title='bbox 1123 3486 1162 3552; x_wconf 89' lang='lat' dir='ltr'>ef.</span> <span class='ocrx_word' id='word_1_449' title='bbox 1186 3500 1221 3567; x_wconf 73' lang='lat' dir='ltr'>t,</span> <span class='ocrx_word' id='word_1_450' title='bbox 1243 3487 1291 3551; x_wconf 84' lang='lat'>38.</span> <span class='ocrx_word' id='word_1_451' title='bbox 1313 3490 1363 3554; x_wconf 91' lang='lat'>47.</span> <span class='ocrx_word' id='word_1_452' title='bbox 1385 3489 1434 3552; x_wconf 89' lang='grc'>61.</span> <span class='ocrx_word' id='word_1_453' title='bbox 1456 3488 1504 3552; x_wconf 89' lang='lat'>70.</span> <span class='ocrx_word' id='word_1_454' title='bbox 1527 3488 1575 3552; x_wconf 88' lang='lat'>85.</span> <span class='ocrx_word' id='word_1_455' title='bbox 1596 3487 1647 3551; x_wconf 89' lang='lat'>88.</span> <span class='ocrx_word' id='word_1_456' title='bbox 1680 3483 1740 3568; x_wconf 79' lang='lat' dir='ltr'>VI,</span> <span class='ocrx_word' id='word_1_457' title='bbox 1762 3487 1810 3552; x_wconf 85' lang='grc'>94.</span> <span class='ocrx_word' id='word_1_458' title='bbox 1832 3489 1881 3555; x_wconf 92' lang='grc'>49.</span> <span class='ocrx_word' id='word_1_459' title='bbox 1905 3490 1953 3554; x_wconf 87' lang='lat'>55.</span> <span class='ocrx_word' id='word_1_460' title='bbox 1984 3488 1992 3551; x_wconf 89' lang='lat' dir='ltr'>l</span> 
     </span>
     <span class='ocr_line' id='line_1_33' title="bbox 319 3529 1992 3674; baseline 0.004 -29"><span class='ocrx_word' id='word_1_461' title='bbox 319 3581 371 3646; x_wconf 94' lang='lat' dir='ltr'>IV</span> <span class='ocrx_word' id='word_1_462' title='bbox 394 3531 522 3665; x_wconf 69' lang='lat'><strong>79.-</strong></span> <span class='ocrx_word' id='word_1_463' title='bbox 544 3529 691 3649; x_wconf 87' lang='lat' dir='ltr'>Medio&#39;</span> <span class='ocrx_word' id='word_1_464' title='bbox 684 3609 717 3648; x_wconf 89' lang='lat' dir='ltr'>m</span> <span class='ocrx_word' id='word_1_465' title='bbox 741 3585 912 3649; x_wconf 88' lang='lat' dir='ltr'>enuntiato</span> <span class='ocrx_word' id='word_1_466' title='bbox 935 3585 1051 3649; x_wconf 92' lang='lat' dir='ltr'>habes.</span> <span class='ocrx_word' id='word_1_467' title='bbox 1081 3582 1124 3664; x_wconf 94' lang='lat' dir='ltr'>V,</span> <span class='ocrx_word' id='word_1_468' title='bbox 1146 3584 1202 3648; x_wconf 78' lang='lat'>93:</span> <span class='ocrx_word' id='word_1_469' title='bbox 1233 3587 1344 3673; x_wconf 69' lang='grc' dir='ltr'><em>τῇέμῐ</em></span> <span class='ocrx_word' id='word_1_470' title='bbox 1301 3590 1545 3673; x_wconf 35' lang='grc' dir='ltr'><em>[ηνώμηβ</em></span> <span class='ocrx_word' id='word_1_471' title='bbox 1577 3585 1619 3667; x_wconf 92' lang='lat' dir='ltr'>V,</span> <span class='ocrx_word' id='word_1_472' title='bbox 1639 3590 1696 3651; x_wconf 88' lang='lat'>41:</span> <span class='ocrx_word' id='word_1_473' title='bbox 1728 3587 1777 3650; x_wconf 82' lang='grc' dir='ltr'>διὰ</span> <span class='ocrx_word' id='word_1_474' title='bbox 1804 3589 1856 3672; x_wconf 78' lang='grc' dir='ltr'><em>τὴν</em></span> <span class='ocrx_word' id='word_1_475' title='bbox 1841 3589 1950 3674; x_wconf 74' lang='grc' dir='ltr'><em>νέμην</em></span> <span class='ocrx_word' id='word_1_476' title='bbox 1971 3613 1992 3651; x_wconf 96' lang='grc' dir='ltr'><em>σ</em></span> 
     </span>
     <span class='ocr_line' id='line_1_34' title="bbox 319 3625 1991 3769; baseline 0.002 -25"><span class='ocrx_word' id='word_1_477' title='bbox 319 3682 364 3756; x_wconf 82' lang='lat' dir='ltr'>(in</span> <span class='ocrx_word' id='word_1_478' title='bbox 386 3683 534 3747; x_wconf 88' lang='lat' dir='ltr'>oratione</span> <span class='ocrx_word' id='word_1_479' title='bbox 556 3684 651 3769; x_wconf 87' lang='lat' dir='ltr'>quint</span> <span class='ocrx_word' id='word_1_480' title='bbox 654 3706 674 3747; x_wconf 92' lang='lat' dir='ltr'>a</span> <span class='ocrx_word' id='word_1_481' title='bbox 694 3684 847 3769; x_wconf 89' lang='lat' dir='ltr'>pluribus</span> <span class='ocrx_word' id='word_1_482' title='bbox 869 3684 949 3750; x_wconf 91' lang='lat' dir='ltr'>locis</span> <span class='ocrx_word' id='word_1_483' title='bbox 970 3706 1150 3768; x_wconf 89' lang='lat' dir='ltr'>pronomen</span> <span class='ocrx_word' id='word_1_484' title='bbox 1175 3687 1398 3768; x_wconf 88' lang='lat' dir='ltr'>possessivum</span> <span class='ocrx_word' id='word_1_485' title='bbox 1426 3687 1545 3749; x_wconf 89' lang='lat' dir='ltr'>iterato</span> <span class='ocrx_word' id='word_1_486' title='bbox 1511 3685 1712 3749; x_wconf 91' lang='lat' dir='ltr'>tarticulo</span> <span class='ocrx_word' id='word_1_487' title='bbox 1740 3625 1949 3752; x_wconf 75' lang='lat' dir='ltr'>subsiantiuo</span> <span class='ocrx_word' id='word_1_488' title='bbox 1983 3710 1991 3748; x_wconf 83' lang='grc' dir='ltr'><em>ι</em></span> 
     </span>
     <span class='ocr_line' id='line_1_35' title="bbox 319 3757 1991 3895; baseline 0.003 -54"><span class='ocrx_word' id='word_1_489' title='bbox 319 3780 383 3864; x_wconf 92' lang='lat' dir='ltr'>ipsi</span> <span class='ocrx_word' id='word_1_490' title='bbox 406 3792 515 3847; x_wconf 88' lang='lat' dir='ltr'>orator</span> <span class='ocrx_word' id='word_1_491' title='bbox 536 3784 711 3849; x_wconf 88' lang='lat' dir='ltr'>articulum</span> <span class='ocrx_word' id='word_1_492' title='bbox 733 3784 885 3869; x_wconf 86' lang='lat' dir='ltr'>praefixit</span> <span class='ocrx_word' id='word_1_493' title='bbox 905 3784 1131 3868; x_wconf 88' lang='lat' dir='ltr'>postpositum</span> <span class='ocrx_word' id='word_1_494' title='bbox 1153 3784 1314 3895; x_wconf 88' lang='lat' dir='ltr'>reperitur</span> <span class='ocrx_word' id='word_1_495' title='bbox 1335 3806 1434 3868; x_wconf 89' lang='lat' dir='ltr'>quam</span> <span class='ocrx_word' id='word_1_496' title='bbox 1447 3757 1605 3848; x_wconf 88' lang='lat' dir='ltr'>medium</span> <span class='ocrx_word' id='word_1_497' title='bbox 1631 3786 1740 3848; x_wconf 91' lang='lat' dir='ltr'>locum</span> <span class='ocrx_word' id='word_1_498' title='bbox 1765 3793 1882 3848; x_wconf 90' lang='lat' dir='ltr'>tenens</span> <span class='ocrx_word' id='word_1_499' title='bbox 1910 3785 1991 3848; x_wconf 86' lang='lat' dir='ltr'>inter</span> 
     </span>
     <span class='ocr_line' id='line_1_36' title="bbox 320 3881 1991 3969; baseline 0.002 -25"><span class='ocrx_word' id='word_1_500' title='bbox 320 3881 500 3946; x_wconf 86' lang='lat' dir='ltr'>stantivum</span> <span class='ocrx_word' id='word_1_501' title='bbox 522 3892 555 3947; x_wconf 91' lang='lat' dir='ltr'>et</span> <span class='ocrx_word' id='word_1_502' title='bbox 577 3885 771 3963; x_wconf 84' lang='lat' dir='ltr'>articulum3</span> <span class='ocrx_word' id='word_1_503' title='bbox 793 3883 827 3946; x_wconf 94' lang='lat' dir='ltr'>in</span> <span class='ocrx_word' id='word_1_504' title='bbox 850 3883 997 3947; x_wconf 88' lang='lat' dir='ltr'>oratione</span> <span class='ocrx_word' id='word_1_505' title='bbox 1019 3891 1114 3947; x_wconf 85' lang='lat' dir='ltr'>sexta</span> <span class='ocrx_word' id='word_1_506' title='bbox 1136 3883 1223 3946; x_wconf 92' lang='lat' dir='ltr'>etin</span> <span class='ocrx_word' id='word_1_507' title='bbox 1244 3883 1430 3969; x_wconf 88' lang='lat' dir='ltr'>tetralogiis</span> <span class='ocrx_word' id='word_1_508' title='bbox 1453 3904 1504 3949; x_wconf 90' lang='lat' dir='ltr'>res</span> <span class='ocrx_word' id='word_1_509' title='bbox 1527 3905 1544 3946; x_wconf 91' lang='lat' dir='ltr'>e</span> <span class='ocrx_word' id='word_1_510' title='bbox 1567 3883 1731 3946; x_wconf 92' lang='lat' dir='ltr'>contrario</span> <span class='ocrx_word' id='word_1_511' title='bbox 1754 3906 1788 3949; x_wconf 89' lang='lat' dir='ltr'>se</span> <span class='ocrx_word' id='word_1_512' title='bbox 1810 3883 1931 3962; x_wconf 83' lang='lat' dir='ltr'>habet3</span> <span class='ocrx_word' id='word_1_513' title='bbox 1954 3885 1991 3949; x_wconf 89' lang='lat' dir='ltr'><strong>cf.</strong></span> 
     </span>
     <span class='ocr_line' id='line_1_37' title="bbox 258 3934 1991 4065; baseline 0 -19"><span class='ocrx_word' id='word_1_514' title='bbox 258 4026 265 4046; x_wconf 84' lang='lat'><em>.</em></span> <span class='ocrx_word' id='word_1_515' title='bbox 322 3978 368 4042; x_wconf 90' lang='grc'><strong>18.</strong></span> <span class='ocrx_word' id='word_1_516' title='bbox 393 3981 439 4043; x_wconf 91' lang='grc'>19.</span> <span class='ocrx_word' id='word_1_517' title='bbox 463 3981 512 4045; x_wconf 88' lang='grc'>34.</span> <span class='ocrx_word' id='word_1_518' title='bbox 534 3983 582 4048; x_wconf 92' lang='grc'><strong>38.</strong></span> <span class='ocrx_word' id='word_1_519' title='bbox 605 3985 653 4050; x_wconf 91' lang='lat'>39.</span> <span class='ocrx_word' id='word_1_520' title='bbox 674 3987 784 4051; x_wconf 80' lang='grc'><strong>4761</strong></span> <span class='ocrx_word' id='word_1_521' title='bbox 747 3984 867 4050; x_wconf 79' lang='grc'><strong>6163.</strong></span> <span class='ocrx_word' id='word_1_522' title='bbox 888 3985 938 4048; x_wconf 88' lang='grc'>49.</span> <span class='ocrx_word' id='word_1_523' title='bbox 961 3985 1010 4050; x_wconf 90' lang='lat'>59.</span> <span class='ocrx_word' id='word_1_524' title='bbox 1033 3985 1081 4049; x_wconf 84' lang='lat'><strong>70.</strong></span> <span class='ocrx_word' id='word_1_525' title='bbox 1103 3983 1151 4049; x_wconf 89' lang='lat'>85.</span> <span class='ocrx_word' id='word_1_526' title='bbox 1174 3984 1230 4060; x_wconf 83' lang='lat'>883</span> <span class='ocrx_word' id='word_1_527' title='bbox 1268 3989 1379 4049; x_wconf 91' lang='lat' dir='ltr'>contra</span> <span class='ocrx_word' id='word_1_528' title='bbox 1408 3981 1555 4046; x_wconf 82' lang='lat' dir='ltr'>conleras</span> <span class='ocrx_word' id='word_1_529' title='bbox 1587 4003 1712 4064; x_wconf 91' lang='lat' dir='ltr'>quaeso</span> <span class='ocrx_word' id='word_1_530' title='bbox 1741 3984 1893 4065; x_wconf 83' lang='lat' dir='ltr'>exempla</span> <span class='ocrx_word' id='word_1_531' title='bbox 1914 3934 1991 4063; x_wconf 79' lang='lat' dir='ltr'>V,i</span> 
     </span>
     <span class='ocr_line' id='line_1_38' title="bbox 320 4076 1991 4164; baseline 0.002 -23"><span class='ocrx_word' id='word_1_532' title='bbox 320 4077 367 4143; x_wconf 90' lang='lat'>68.</span> <span class='ocrx_word' id='word_1_533' title='bbox 391 4076 438 4141; x_wconf 88' lang='lat'>73.</span> <span class='ocrx_word' id='word_1_534' title='bbox 460 4080 507 4144; x_wconf 88' lang='lat'>74.</span> <span class='ocrx_word' id='word_1_535' title='bbox 531 4082 578 4147; x_wconf 91' lang='lat'><strong>79.</strong></span> <span class='ocrx_word' id='word_1_536' title='bbox 600 4083 647 4146; x_wconf 88' lang='grc'><strong>80.</strong></span> <span class='ocrx_word' id='word_1_537' title='bbox 669 4085 716 4148; x_wconf 92' lang='grc'>96.</span> <span class='ocrx_word' id='word_1_538' title='bbox 749 4121 789 4131; x_wconf 90' lang='grc'><strong>-</strong></span> <span class='ocrx_word' id='word_1_539' title='bbox 822 4081 885 4164; x_wconf 90' lang='lat' dir='ltr'>VI,</span> <span class='ocrx_word' id='word_1_540' title='bbox 907 4084 955 4149; x_wconf 91' lang='grc'>10.</span> <span class='ocrx_word' id='word_1_541' title='bbox 983 4085 1031 4149; x_wconf 90' lang='grc'>11.</span> <span class='ocrx_word' id='word_1_542' title='bbox 1062 4083 1111 4147; x_wconf 90' lang='grc'>13.</span> <span class='ocrx_word' id='word_1_543' title='bbox 1139 4085 1187 4147; x_wconf 89' lang='grc'>14.</span> <span class='ocrx_word' id='word_1_544' title='bbox 1215 4081 1264 4147; x_wconf 90' lang='grc'>93.</span> <span class='ocrx_word' id='word_1_545' title='bbox 1297 4081 1345 4143; x_wconf 81' lang='lat'>39.</span> <span class='ocrx_word' id='word_1_546' title='bbox 1376 4080 1424 4146; x_wconf 91' lang='lat'><strong>39.</strong></span> <span class='ocrx_word' id='word_1_547' title='bbox 1452 4083 1502 4146; x_wconf 91' lang='lat'>41.</span> <span class='ocrx_word' id='word_1_548' title='bbox 1528 4079 1578 4144; x_wconf 95' lang='grc'>49.</span> <span class='ocrx_word' id='word_1_549' title='bbox 1601 4080 1650 4145; x_wconf 89' lang='grc'>43.</span> <span class='ocrx_word' id='word_1_550' title='bbox 1674 4117 1712 4127; x_wconf 86' lang='lat'>·-</span> <span class='ocrx_word' id='word_1_551' title='bbox 1734 4079 1771 4144; x_wconf 96' lang='grc' dir='ltr'>ΙΙ</span> <span class='ocrx_word' id='word_1_552' title='bbox 1795 4105 1815 4143; x_wconf 94' lang='grc' dir='ltr'><em>α</em></span> <span class='ocrx_word' id='word_1_553' title='bbox 1836 4084 1865 4147; x_wconf 85' lang='grc'><strong>5.</strong></span> <span class='ocrx_word' id='word_1_554' title='bbox 1897 4079 1991 4163; x_wconf 69' lang='lat' dir='ltr'>IVy</span> 
     </span>
     <span class='ocr_line' id='line_1_39' title="bbox 321 4173 1192 4266; baseline 0.013 -28"><span class='ocrx_word' id='word_1_555' title='bbox 321 4173 450 4241; x_wconf 93' lang='grc' dir='ltr'><strong>Ι1α8.</strong></span> <span class='ocrx_word' id='word_1_556' title='bbox 481 4177 549 4244; x_wconf 92' lang='grc' dir='ltr'><strong>δ1.</strong></span> <span class='ocrx_word' id='word_1_557' title='bbox 585 4179 642 4242; x_wconf 90' lang='grc' dir='ltr'>ΙΙΙ</span> <span class='ocrx_word' id='word_1_558' title='bbox 665 4182 747 4266; x_wconf 70' lang='grc' dir='ltr'><strong>γ3).</strong></span> <span class='ocrx_word' id='word_1_559' title='bbox 790 4180 859 4247; x_wconf 90' lang='lat' dir='ltr'>Sed</span> <span class='ocrx_word' id='word_1_560' title='bbox 881 4181 923 4245; x_wconf 90' lang='lat' dir='ltr'>de</span> <span class='ocrx_word' id='word_1_561' title='bbox 944 4180 996 4246; x_wconf 92' lang='lat' dir='ltr'>his</span> <span class='ocrx_word' id='word_1_562' title='bbox 1011 4183 1081 4266; x_wconf 89' lang='lat' dir='ltr'>jam</span> <span class='ocrx_word' id='word_1_563' title='bbox 1102 4183 1192 4249; x_wconf 90' lang='lat' dir='ltr'>satis.</span> 
     </span>
    </p>

    <p class='ocr_par' dir='ltr' id='par_1_3' title="bbox 284 4277 1990 5062">
     <span class='ocr_line' id='line_1_40' title="bbox 470 4277 1990 4366; baseline 0 -24"><span class='ocrx_word' id='word_1_564' title='bbox 470 4277 589 4342; x_wconf 86' lang='lat' dir='ltr'>Restat</span> <span class='ocrx_word' id='word_1_565' title='bbox 611 4287 648 4341; x_wconf 89' lang='lat' dir='ltr'>nt</span> <span class='ocrx_word' id='word_1_566' title='bbox 670 4278 712 4341; x_wconf 90' lang='lat' dir='ltr'>de</span> <span class='ocrx_word' id='word_1_567' title='bbox 734 4281 980 4345; x_wconf 90' lang='lat' dir='ltr'>enuntiatorum</span> <span class='ocrx_word' id='word_1_568' title='bbox 1002 4289 1167 4346; x_wconf 88' lang='lat' dir='ltr'>structura</span> <span class='ocrx_word' id='word_1_569' title='bbox 1187 4304 1293 4366; x_wconf 89' lang='lat' dir='ltr'>pauca</span> <span class='ocrx_word' id='word_1_570' title='bbox 1315 4279 1484 4345; x_wconf 88' lang='lat' dir='ltr'>addamus.</span> <span class='ocrx_word' id='word_1_571' title='bbox 1528 4281 1569 4344; x_wconf 91' lang='lat' dir='ltr'>In</span> <span class='ocrx_word' id='word_1_572' title='bbox 1598 4279 1785 4344; x_wconf 88' lang='lat' dir='ltr'>universum</span> <span class='ocrx_word' id='word_1_573' title='bbox 1818 4280 1859 4343; x_wconf 90' lang='lat' dir='ltr'>de</span> <span class='ocrx_word' id='word_1_574' title='bbox 1881 4280 1990 4364; x_wconf 78' lang='lat' dir='ltr'>Antip}</span> 
     </span>
     <span class='ocr_line' id='line_1_41' title="bbox 322 4375 1990 4464; baseline 0.005 -30"><span class='ocrx_word' id='word_1_575' title='bbox 322 4382 354 4435; x_wconf 93' lang='lat' dir='ltr'>et</span> <span class='ocrx_word' id='word_1_576' title='bbox 375 4375 581 4464; x_wconf 88' lang='lat' dir='ltr'>Thucydidis</span> <span class='ocrx_word' id='word_1_577' title='bbox 610 4378 854 4442; x_wconf 87' lang='lat' dir='ltr'>enuntiatorum</span> <span class='ocrx_word' id='word_1_578' title='bbox 887 4388 920 4442; x_wconf 88' lang='lat' dir='ltr'>et</span> <span class='ocrx_word' id='word_1_579' title='bbox 948 4379 1160 4462; x_wconf 91' lang='lat' dir='ltr'>periodorum</span> <span class='ocrx_word' id='word_1_580' title='bbox 1187 4388 1225 4444; x_wconf 94' lang='lat' dir='ltr'>ut</span> <span class='ocrx_word' id='word_1_581' title='bbox 1253 4377 1355 4443; x_wconf 90' lang='lat' dir='ltr'>verbo</span> <span class='ocrx_word' id='word_1_582' title='bbox 1377 4379 1474 4442; x_wconf 86' lang='lat' dir='ltr'>venia</span> <span class='ocrx_word' id='word_1_583' title='bbox 1502 4379 1545 4445; x_wconf 85' lang='lat' dir='ltr'>sit</span> <span class='ocrx_word' id='word_1_584' title='bbox 1578 4378 1774 4442; x_wconf 74' lang='lat' dir='ltr'>formatione</span> <span class='ocrx_word' id='word_1_585' title='bbox 1800 4378 1924 4462; x_wconf 91' lang='lat' dir='ltr'>optime</span> <span class='ocrx_word' id='word_1_586' title='bbox 1947 4378 1990 4444; x_wconf 77' lang='lat' dir='ltr'>dis</span> 
     </span>
     <span class='ocr_line' id='line_1_42' title="bbox 284 4469 1989 4564; baseline 0.002 -25"><span class='ocrx_word' id='word_1_587' title='bbox 284 4531 288 4539; x_wconf 87' lang='grc'><em>,</em></span> <span class='ocrx_word' id='word_1_588' title='bbox 322 4469 363 4538; x_wconf 93' lang='grc' dir='ltr'>Ο.</span> <span class='ocrx_word' id='word_1_589' title='bbox 385 4473 565 4543; x_wconf 91' lang='lat' dir='ltr'>Muellerus</span> <span class='ocrx_word' id='word_1_590' title='bbox 595 4476 687 4560; x_wconf 91' lang='lat' dir='ltr'>(hist.</span> <span class='ocrx_word' id='word_1_591' title='bbox 710 4477 773 4543; x_wconf 91' lang='lat' dir='ltr'>litt.</span> <span class='ocrx_word' id='word_1_592' title='bbox 798 4477 912 4542; x_wconf 85' lang='lat' dir='ltr'>Graec.</span> <span class='ocrx_word' id='word_1_593' title='bbox 935 4477 974 4540; x_wconf 91' lang='grc' dir='ltr'>ΙΙ</span> <span class='ocrx_word' id='word_1_594' title='bbox 995 4501 1027 4562; x_wconf 93' lang='lat' dir='ltr'>p.</span> <span class='ocrx_word' id='word_1_595' title='bbox 1043 4478 1112 4547; x_wconf 90' lang='grc'><strong>339.</strong></span> <span class='ocrx_word' id='word_1_596' title='bbox 1133 4480 1194 4544; x_wconf 90' lang='grc'><strong>364</strong></span> <span class='ocrx_word' id='word_1_597' title='bbox 1209 4481 1308 4564; x_wconf 87' lang='lat' dir='ltr'>sqq.),</span> <span class='ocrx_word' id='word_1_598' title='bbox 1336 4477 1371 4542; x_wconf 94' lang='lat' dir='ltr'>in</span> <span class='ocrx_word' id='word_1_599' title='bbox 1399 4501 1465 4562; x_wconf 91' lang='lat' dir='ltr'>qua</span> <span class='ocrx_word' id='word_1_600' title='bbox 1495 4501 1529 4542; x_wconf 92' lang='lat' dir='ltr'>re</span> <span class='ocrx_word' id='word_1_601' title='bbox 1551 4479 1585 4541; x_wconf 94' lang='lat' dir='ltr'>in</span> <span class='ocrx_word' id='word_1_602' title='bbox 1606 4477 1720 4561; x_wconf 90' lang='lat' dir='ltr'>primis</span> <span class='ocrx_word' id='word_1_603' title='bbox 1741 4477 1989 4562; x_wconf 83' lang='lat' dir='ltr'>Thucydidisg</span> 
     </span>
     <span class='ocr_line' id='line_1_43' title="bbox 321 4570 1989 4662; baseline 0.002 -27"><span class='ocrx_word' id='word_1_604' title='bbox 321 4570 453 4636; x_wconf 88' lang='lat' dir='ltr'>dicendi</span> <span class='ocrx_word' id='word_1_605' title='bbox 474 4577 634 4641; x_wconf 89' lang='lat' dir='ltr'>rationem</span> <span class='ocrx_word' id='word_1_606' title='bbox 656 4575 782 4641; x_wconf 91' lang='lat' dir='ltr'>habuit.</span> <span class='ocrx_word' id='word_1_607' title='bbox 824 4576 1081 4641; x_wconf 83' lang='lat' dir='ltr'>Enuntiatorum</span> <span class='ocrx_word' id='word_1_608' title='bbox 1103 4579 1190 4642; x_wconf 92' lang='lat' dir='ltr'>enim</span> <span class='ocrx_word' id='word_1_609' title='bbox 1211 4579 1267 4640; x_wconf 91' lang='lat' dir='ltr'>illa</span> <span class='ocrx_word' id='word_1_610' title='bbox 1288 4578 1441 4642; x_wconf 89' lang='lat' dir='ltr'>formatio</span> <span class='ocrx_word' id='word_1_611' title='bbox 1464 4599 1564 4661; x_wconf 90' lang='lat' dir='ltr'>quam</span> <span class='ocrx_word' id='word_1_612' title='bbox 1585 4577 1662 4648; x_wconf 81' lang='grc' dir='ltr'><em>λέξιν</em></span> <span class='ocrx_word' id='word_1_613' title='bbox 1683 4575 1837 4662; x_wconf 74' lang='grc' dir='ltr'><em>εἰρομένην</em></span> <span class='ocrx_word' id='word_1_614' title='bbox 1859 4579 1989 4660; x_wconf 89' lang='lat' dir='ltr'>appella</span> 
     </span>
     <span class='ocr_line' id='line_1_44' title="bbox 320 4674 1988 4762; baseline 0.002 -28"><span class='ocrx_word' id='word_1_615' title='bbox 320 4674 425 4738; x_wconf 86' lang='lat' dir='ltr'>lomus</span> <span class='ocrx_word' id='word_1_616' title='bbox 454 4681 487 4736; x_wconf 90' lang='lat' dir='ltr'>et</span> <span class='ocrx_word' id='word_1_617' title='bbox 514 4695 613 4757; x_wconf 90' lang='lat' dir='ltr'>quam</span> <span class='ocrx_word' id='word_1_618' title='bbox 641 4677 817 4762; x_wconf 87' lang='lat' dir='ltr'>scriptores</span> <span class='ocrx_word' id='word_1_619' title='bbox 850 4675 1062 4758; x_wconf 90' lang='lat' dir='ltr'>antiquorum</span> <span class='ocrx_word' id='word_1_620' title='bbox 1087 4687 1273 4762; x_wconf 90' lang='lat' dir='ltr'>temporum</span> <span class='ocrx_word' id='word_1_621' title='bbox 1301 4678 1407 4743; x_wconf 85' lang='lat' dir='ltr'>secuti</span> <span class='ocrx_word' id='word_1_622' title='bbox 1430 4686 1507 4742; x_wconf 89' lang='lat' dir='ltr'>sunt</span> <span class='ocrx_word' id='word_1_623' title='bbox 1528 4699 1594 4741; x_wconf 91' lang='lat' dir='ltr'>non</span> <span class='ocrx_word' id='word_1_624' title='bbox 1616 4676 1724 4741; x_wconf 91' lang='lat' dir='ltr'>minus</span> <span class='ocrx_word' id='word_1_625' title='bbox 1747 4675 1836 4759; x_wconf 92' lang='lat' dir='ltr'>apud</span> <span class='ocrx_word' id='word_1_626' title='bbox 1858 4674 1988 4758; x_wconf 90' lang='lat' dir='ltr'>An&#39;tiph</span> 
     </span>
     <span class='ocr_line' id='line_1_45' title="bbox 321 4773 1989 4861; baseline 0.001 -25"><span class='ocrx_word' id='word_1_627' title='bbox 321 4795 420 4854; x_wconf 92' lang='lat' dir='ltr'>qnam</span> <span class='ocrx_word' id='word_1_628' title='bbox 443 4773 533 4857; x_wconf 91' lang='lat' dir='ltr'>apud</span> <span class='ocrx_word' id='word_1_629' title='bbox 553 4773 784 4860; x_wconf 80' lang='lat' dir='ltr'>Thucydidem</span> <span class='ocrx_word' id='word_1_630' title='bbox 806 4777 1014 4854; x_wconf 64' lang='lat' dir='ltr'>observatum</span> <span class='ocrx_word' id='word_1_631' title='bbox 1043 4785 1077 4840; x_wconf 90' lang='lat' dir='ltr'>et</span> <span class='ocrx_word' id='word_1_632' title='bbox 1098 4777 1240 4841; x_wconf 81' lang='lat' dir='ltr'>maxime</span> <span class='ocrx_word' id='word_1_633' title='bbox 1261 4777 1397 4861; x_wconf 90' lang='lat' dir='ltr'>quidem</span> <span class='ocrx_word' id='word_1_634' title='bbox 1418 4776 1452 4839; x_wconf 92' lang='lat' dir='ltr'>in</span> <span class='ocrx_word' id='word_1_635' title='bbox 1475 4799 1513 4840; x_wconf 90' lang='lat' dir='ltr'>ea</span> <span class='ocrx_word' id='word_1_636' title='bbox 1535 4775 1694 4841; x_wconf 90' lang='lat' dir='ltr'>orationis</span> <span class='ocrx_word' id='word_1_637' title='bbox 1715 4784 1809 4858; x_wconf 91' lang='lat' dir='ltr'>parte</span> <span class='ocrx_word' id='word_1_638' title='bbox 1830 4773 1989 4856; x_wconf 60' lang='lat' dir='ltr'>Antipho:</span> 
     </span>
     <span class='ocr_line' id='line_1_46' title="bbox 321 4870 1986 4962; baseline 0.004 -31"><span class='ocrx_word' id='word_1_639' title='bbox 321 4870 472 4937; x_wconf 87' lang='lat' dir='ltr'>adhibuit</span> <span class='ocrx_word' id='word_1_640' title='bbox 501 4894 587 4956; x_wconf 89' lang='lat' dir='ltr'>quae</span> <span class='ocrx_word' id='word_1_641' title='bbox 613 4894 721 4939; x_wconf 87' lang='lat' dir='ltr'>rerum</span> <span class='ocrx_word' id='word_1_642' title='bbox 749 4885 918 4962; x_wconf 89' lang='lat' dir='ltr'>gestarum</span> <span class='ocrx_word' id='word_1_643' title='bbox 939 4876 1158 4942; x_wconf 91' lang='lat' dir='ltr'>narrationem</span> <span class='ocrx_word' id='word_1_644' title='bbox 1187 4876 1422 4962; x_wconf 85' lang='lat' dir='ltr'>complectitur.</span> <span class='ocrx_word' id='word_1_645' title='bbox 1469 4875 1703 4942; x_wconf 84' lang='lat' dir='ltr'>Narrationem</span> <span class='ocrx_word' id='word_1_646' title='bbox 1724 4881 1836 4938; x_wconf 88' lang='lat' dir='ltr'>autem</span> <span class='ocrx_word' id='word_1_647' title='bbox 1858 4896 1943 4957; x_wconf 89' lang='lat' dir='ltr'>quae</span> <span class='ocrx_word' id='word_1_648' title='bbox 1965 4898 1986 4937; x_wconf 88' lang='lat' dir='ltr'><strong>v</strong></span> 
     </span>
     <span class='ocr_line' id='line_1_47' title="bbox 319 4967 1988 5062; baseline 0.002 -31"><span class='ocrx_word' id='word_1_649' title='bbox 319 4967 354 5032; x_wconf 91' lang='lat' dir='ltr'>in</span> <span class='ocrx_word' id='word_1_650' title='bbox 375 4973 558 5058; x_wconf 85' lang='lat' dir='ltr'>tetralogiis</span> <span class='ocrx_word' id='word_1_651' title='bbox 580 4970 696 5038; x_wconf 89' lang='lat' dir='ltr'>abesse</span> <span class='ocrx_word' id='word_1_652' title='bbox 719 4975 752 5038; x_wconf 93' lang='lat' dir='ltr'>in</span> <span class='ocrx_word' id='word_1_653' title='bbox 773 4985 846 5040; x_wconf 87' lang='lat' dir='ltr'>tota</span> <span class='ocrx_word' id='word_1_654' title='bbox 868 4999 980 5042; x_wconf 91' lang='lat' dir='ltr'>earum</span> <span class='ocrx_word' id='word_1_655' title='bbox 1002 4987 1121 5044; x_wconf 84' lang='lat' dir='ltr'>natura</span> <span class='ocrx_word' id='word_1_656' title='bbox 1143 4985 1176 5041; x_wconf 90' lang='lat' dir='ltr'>et</span> <span class='ocrx_word' id='word_1_657' title='bbox 1198 4976 1436 5062; x_wconf 90' lang='lat' dir='ltr'>compositione</span> <span class='ocrx_word' id='word_1_658' title='bbox 1458 4977 1606 5060; x_wconf 90' lang='lat' dir='ltr'>positum</span> <span class='ocrx_word' id='word_1_659' title='bbox 1625 4985 1686 5057; x_wconf 88' lang='lat' dir='ltr'>est,</span> <span class='ocrx_word' id='word_1_660' title='bbox 1709 4997 1783 5038; x_wconf 93' lang='lat' dir='ltr'>cum</span> <span class='ocrx_word' id='word_1_661' title='bbox 1795 4974 1968 5058; x_wconf 86' lang='lat' dir='ltr'>Antiphon</span> <span class='ocrx_word' id='word_1_662' title='bbox 1985 5005 1988 5034; x_wconf 56' lang='grc' dir='ltr'>ι</span> 
     </span>
    </p>
   </div>
   <div class='ocr_carea' id='block_1_3' title="bbox 0 0 2069 5526">
    <p class='ocr_par' dir='ltr' id='par_1_4' title="bbox 0 0 2069 5526">
     <span class='ocr_line' id='line_1_48' title="bbox 0 0 2069 5526; baseline 0 0"><span class='ocrx_word' id='word_1_663' title='bbox 0 0 2069 5526; x_wconf 95' lang='lat' dir='ltr'> </span> 
     </span>
    </p>
   </div>
  </div>
 </body>
</html>
