4120 5526
1193 283 1229 343 11

318 510 381 570 qua
416 485 547 550 omnino
582 484 693 548 studia
726 483 806 548 artis
839 483 1022 546 rhetoricae
1045 483 1097 547 cui
1120 481 1288 566 sophistae
1316 473 1492 568 inprimis
1522 507 1654 569 operam
1687 493 1848 549 naverunt
1881 486 1977 550 etiam

281 589 284 599 '
318 593 408 648 erant
424 584 529 670 magis
545 605 645 667 quam
661 591 770 645 aetate
782 584 851 666 jam
867 591 1023 664 provecta
1039 581 1220 646 adductum
1243 604 1313 646 esse
1335 591 1372 645 ut
1395 582 1520 668 grande
1544 591 1577 647 et
1598 583 1743 669 graviter
1763 589 1953 668 loqueretur
1973 609 1977 647 r

317 707 382 748 non
404 682 520 747 habita
542 702 711 763 semperne
734 690 812 765 apta
835 690 922 746 esset
944 681 1025 744 haec
1048 680 1253 744 consuetudo
1276 679 1406 744 annon?
1442 681 1531 744 Nam
1553 686 1656 747 multo
1678 683 1818 767 plurima
1841 706 1926 766 quae
1948 707 1977 746 n«

317 785 388 867 ejus
411 778 617 847 orationibus
640 779 811 869 offensioni
835 789 911 845 sunt
934 803 974 844 ex
996 779 1185 864 granditate
1211 778 1355 861 quadam
1382 780 1533 863 quaesita
1562 791 1594 844 et
1628 783 1792 866 gravitate
1825 791 1903 846 nata
1935 783 1977 846 vi(

315 883 393 947 Huc
416 889 544 965 spectat
568 903 605 944 ea
627 873 759 944 dicendi
781 880 884 960 ratio,
915 902 980 964 qua
1003 879 1046 942 ad
1068 877 1398 942 circumscribendam
1420 879 1567 966 alicujus¹
1582 881 1628 944 rei
1650 881 1819 945 notionem
1839 880 1977 964 pluribu:

317 981 380 1046 bus
401 979 600 1064 premendae
622 981 767 1044 notionis
790 1001 889 1044 causa
910 979 990 1044 usus
1013 987 1081 1058 est,
1107 1000 1307 1060 quamquam
1329 1000 1427 1062 saepe
1451 982 1520 1043 solo
1541 979 1642 1044 verbo
1665 1003 1749 1064 opus
1772 988 1858 1059 erat3
1881 984 1972 1044 velut

317 1081 449 1164 scripsit
472 1079 688 1163 ὴρετέκβασις
707 1078 824 1160 ἐγένετο
846 1079 889 1148 εἷς
908 1081 940 1141 τὸ
964 1079 1077 1150 πλοῖον,
1110 1099 1195 1160 quae
1224 1077 1387 1140 sententia
1415 1100 1481 1141 non
1509 1079 1617 1144 minus
1640 1089 1716 1163 apte
1739 1101 1894 1163 expressa
1916 1083 1977 1145 essi

319 1178 436 1242 verbo:
466 1179 670 1264 γιετεξέγλνγρεν
700 1179 742 1246 εἷς
768 1181 799 1240 τὸ
823 1180 929 1240 πλοῖον.
957 1216 999 1225 -
1024 1177 1153 1240 Eodem
1173 1174 1272 1239 modo
1295 1175 1386 1239 dicta
1407 1186 1484 1240 sunt
1505 1177 1606 1240 verba
1629 1177 1671 1259 V,
1693 1179 1749 1242 94:
1784 1181 1941 1264 γνωρισταλ
1963 1205 1977 1261 γ

319 1283 373 1363 τῆς
390 1279 478 1364 ἀίκγς,
501 1264 766 1363 quaegrandius
789 1287 822 1342 et
844 1279 978 1362 gravius
1004 1285 1123 1342 sonant
1145 1299 1244 1358 quam
1268 1275 1426 1360 γνωρίζετε
1449 1278 1505 1362 τὴν
1524 1277 1614 1361 δίκην.
1636 1315 1677 1326 -
1699 1277 1742 1358 V,
1765 1269 1807 1342 94'
1830 1279 1872 1340 ὧν
1896 1279 1977 1359 βουλε

319 1383 376 1440 εῑτο
397 1399 456 1462 pro
479 1378 499 1440 ἀ
521 1378 709 1459 ἐβουλεύετο.
753 1377 831 1440 Alia
855 1376 1002 1460 ejusdem
1024 1375 1153 1462 generis
1176 1384 1270 1438 sunt:
1305 1375 1350 1456 V,
1371 1378 1408 1439 4:
1438 1377 1581 1461 ἀκρόασιν
1604 1377 1750 1464 παρέχειν.
1772 1415 1812 1425 -
1834 1377 1878 1458 V,
1900 1381 1935 1442 6:
1963 1376 1977 1440 ἕ

317 1477 463 1565 παρέχειν.
485 1515 525 1524 -
548 1476 684 1563 ἔκπληξις
702 1477 946 1542 substantivum
967 1476 1001 1538 in
1023 1496 1158 1539 numero
1181 1496 1294 1537 eorum
1317 1488 1366 1539 est
1397 1497 1482 1558 quae
1504 1475 1676 1560 Antiphon
1712 1477 1782 1561 ipse
1805 1476 1868 1541 sibi
1890 1478 1974 1541 form

317 1579 458 1641 occurrit
480 1577 568 1662 apud
590 1575 811 1661 posteriorum
832 1584 1018 1658 temporum
1040 1576 1224 1659 scriptores.
1267 1574 1311 1654 V,
1334 1577 1388 1640 65:
1408 1575 1503 1662 ῥᾳάία
1526 1576 1602 1639 ἐστίν
1624 1578 1641 1660 ἢ
1664 1577 1816 1646 ἀπόδειξις
1834 1578 1894 1642 κτλ.
1919 1616 1955 1624 -

318 1677 349 1740 ἐν
373 1678 470 1760 τούτῳ
488 1701 537 1759 μοι
560 1677 676 1746 ἀξιοῦτε
699 1676 749 1758 τὴν
771 1675 932 1757 α’πάρευξιν
954 1673 1026 1736 εἶναι
1054 1673 1233 1756 (ἀπιίφευξις
1251 1675 1413 1738 rarissime
1429 1674 1518 1758 apud
1534 1675 1709 1760 scriptores
1725 1676 1895 1759 pedestres
1911 1700 1977 1762 rep<

317 1775 381 1844 VI,
397 1779 426 1838 7.
449 1775 514 1855 VI,
537 1777 574 1838 18
598 1774 671 1836 alia.
695 1811 732 1820 -
755 1773 935 1856 Antiquior
955 1773 1071 1854 forma,
1092 1781 1130 1835 ut
1151 1772 1213 1836 hoc
1234 1795 1368 1856 quoque
1383 1797 1584 1855 moneamus,
1607 1783 1639 1838 et
1654 1797 1740 1860 quae
1755 1774 1796 1838 ab
1808 1777 1977 1840 Atticorur

317 1875 407 1937 muni
429 1895 578 1936 sermone
600 1895 733 1956 prorsus
756 1873 960 1937 abhorruerit
984 1882 1033 1936 est
1047 1872 1092 1953 V,
1112 1875 1168 1936 46:
1193 1871 1270 1954 ἀξαι,
1293 1895 1390 1954 quem
1402 1873 1493 1936 verbi
1505 1873 1585 1954 ἄγειν
1598 1874 1756 1939 aoristum
1768 1876 1907 1939 alittera
1924 1876 1977 1940 for:

317 1972 530 2058 Thucydides
559 1981 592 2036 et
614 1972 684 2058 ipse
707 1973 859 2036 adhibuit
880 1973 926 2054 II,
948 1975 998 2053 97,
1019 1972 1053 2035 3:
1079 1973 1238 2058 προσῆξαν.
1283 1969 1333 2034 Of.
1356 1971 1502 2037 Lobeck.
1526 1974 1568 2066 ad
1589 1973 1766 2058 Phrynich.
1788 1997 1842 2058 pp.
1858 1975 1927 2038 287.
1951 1977 1977 2038 72

470 2105 601 2186 Quodsi
625 2129 663 2170 ea
685 2115 872 2190 spectamus
895 2105 1036 2186 quaein
1058 2103 1242 2187 tetralogiis
1264 2105 1488 2192 reperiuntur,
1519 2128 1583 2168 non
1605 2107 1653 2168 ita
1676 2115 1864 2190 comparata
1886 2108 1977 2171 vider

318 2207 351 2270 in
374 2206 420 2270 eis
444 2228 576 2270 causam
597 2205 705 2268 inesse
726 2214 898 2288 putemus,
926 2225 982 2266 cur
1009 2201 1201 2286 tetralogias
1223 2202 1264 2265 ab
1286 2202 1496 2286 Antiphonte
1517 2202 1755 2286 abjudicemus.
1798 2205 1900 2268 Plura
1922 2228 1977 2268 san

314 2328 400 2389 quae
423 2305 592 2369 ostendant
603 2306 637 2366 in
649 2305 834 2389 tetralogiis
847 2325 947 2387 quam
958 2304 993 2366 in
1005 2302 1209 2366 orationibus
1220 2301 1254 2364 V
1267 2310 1299 2364 et
1312 2297 1382 2380 VI3
1409 2301 1468 2366 sed
1481 2305 1577 2386 longe
1589 2303 1730 2386 plurima
1741 2323 1853 2366 eorum
1864 2303 1898 2366 in
1909 2305 1977 2368 Atti

316 2403 491 2488 tragoedia
521 2411 553 2466 et
583 2403 753 2468 comoedia
774 2412 932 2486 usurpata
955 2410 1051 2481 sunt,
1079 2399 1113 2462 in
1137 2400 1283 2464 oratione
1305 2401 1450 2484 pedestri
1473 2401 1528 2466 vix
1551 2401 1768 2465 animadverti
1790 2414 1930 2486 possunt
1952 2426 1977 2466 e:

316 2502 509 2586 posterioris
543 2503 662 2566 aetatis
696 2500 912 2587 scriptoribus
940 2505 1030 2564 velut
1058 2499 1222 2583 Dionysio
1244 2498 1529 2566 Halicarnassensi
1561 2523 1659 2583 quem
1691 2504 1794 2564 multa
1815 2501 1977 2586 Thucydi(

318 2601 548 2685 Antiphontea
570 2601 831 2666 imitatum‘esse
853 2608 993 2686 cpnstat.
1036 2599 1085 2663 Ut
1107 2602 1263 2662 nonnulla
1285 2598 1470 2680 afferamuS,

470 2717 507 2780 II
530 2720 550 2778 ἀ
570 2720 588 2783 5
610 2739 690 2781 usus
713 2725 762 2780 est
783 2715 957 2800 Antiphon
979 2715 1079 2780 verbo
1102 2715 1266 2800 ἀσπαίρειν,
1289 2716 1380 2799 quod
1402 2715 1491 2799 apud
1512 2717 1629 2800 po6tas
1651 2719 1834 2782 sexcenties
1854 2720 1976 2803 legitur

316 2817 450 2882 Homer.
474 2817 512 2881 Il.
537 2817 605 2898 ΙΙΙ,
627 2817 696 2881 293.
730 2816 777 2897 X,
798 2816 866 2882 521.
900 2815 986 2896 XII,
1007 2803 1077 2879 203.
1110 2811 1231 2897 Odyss
1246 2813 1349 2895 VIII,
1371 2816 1441 2880 526.
1474 2815 1628 2899 Aeschyl.
1650 2816 1742 2880 Pers.
1765 2819 1885 2896 976al.
1919 2817 1977 2881 Di(

318 2925 351 2980 et
372 2917 443 3000 ipse
467 2918 643 3000 aliquoties
667 2938 807 2980 cousus
831 2925 889 2980 est.
913 2952 951 2962 —-

469 3031 526 3096 ΙΙΙ
549 3058 565 3112 γ
587 3033 606 3093 2
629 3041 736 3096 exstat
759 3033 969 3117 ἀναπόκριτος,
999 3032 1089 3114 quod
1117 3041 1278 3115 quantum
1308 3033 1461 3115 equidem
1490 3032 1584 3115 potui
1608 3033 1787 3117 comperire
1810 3035 1899 3118 apud
1921 3035 1977 3097 Pol

319 3131 603 3215 solum'reperies:
628 3129 690 3211 IV,
712 3131 762 3212 34,
785 3135 812 3194 1.
845 3130 950 3212 VIII,
972 3131 1022 3212 23,
1045 3135 1072 3196 6.
1105 3131 1186 3212 XV,
1208 3131 1239 3211 2,
1262 3135 1289 3198 1.
1325 3125 1468 3211 XXIII,
1491 3134 1540 3212 10,
1563 3132 1610 3197 13.

472 3247 510 3309 II
529 3247 553 3328 β
575 3247 609 3309 2:
633 3247 819 3332 ἀνατροπεὺς
838 3251 887 3308 τοῦ
910 3245 989 3309 οίκου
1012 3246 1128 3329 ἐγένετο
1150 3247 1229 3330 ἐμοί,
1255 3247 1290 3310 id
1313 3247 1403 3330 quod
1425 3249 1556 3332 gravius
1580 3247 1704 3312 dictum
1727 3260 1760 3314 et
1783 3252 1888 3334 magis
1910 3273 1976 3332 qua

317 3347 450 3410 videtur
471 3346 609 3430 simplici
633 3367 707 3409 cum
737 3344 838 3408 verbo
872 3353 1052 3424 structura3
1089 3346 1148 3410 sed
1175 3346 1353 3430 respondet
1379 3348 1425 3411 eis
1448 3369 1532 3429 quae
1555 3367 1654 3431 supra
1677 3372 1717 3412 ex
1739 3349 1856 3430 quinta
1879 3350 1977 3412 oratic

313 3447 454 3511 'tulimus
477 3448 634 3531 γνωρισταὶ
657 3445 792 3528 γίγνεσιλε
815 3448 869 3528 τῆς
881 3445 979 3529 δίκης
1000 3445 1188 3530 ἀνατροπεάς
1199 3444 1444 3510 substantivum
1458 3446 1630 3530 paullatim
1645 3447 1778 3511 videtur
1792 3448 1826 3510 in
1841 3471 1937 3512 usum
1953 3473 1977 3511 u

317 3543 356 3609 cf.
380 3543 546 3610 Plutarch.
569 3546 693 3610 Anton.
716 3544 766 3608 72.
800 3541 970 3628 Chrysost.
994 3565 1038 3609 or.
1060 3543 1108 3606 37.
1132 3546 1195 3609 vol.
1210 3544 1259 3626 ΙΙ,
1282 3547 1329 3608 17.
1354 3582 1391 3591 -

468 3662 526 3727 ΙΙΙ
549 3686 567 3745 γ
587 3661 605 3725 3
629 3663 718 3724 ὁσίων
740 3663 956 3745 ἀιαγνωαονες;
978 3664 1050 3731 loco
1073 3660 1274 3726 substantivi
1296 3663 1472 3746 ἀιαγνώρων
1493 3663 1549 3725 alii
1569 3662 1733 3746 pedestris
1749 3665 1908 3729 orationis
1923 3667 1977 3730 scr}

317 3764 510 3847 plerumque
533 3764 719 3847 ἀιαγνωστκγς
737 3761 981 3848 substantivum
1009 3761 1238 3844 frequentant3
1273 3761 1336 3826 hoc
1362 3765 1434 3825 loco
1462 3759 1553 3824 verbi
1575 3763 1743 3825 notionem
1766 3763 1939 3846 Antiphon
1962 3787 1977 3826 c

317 3861 459 3944 scripsit,
480 3873 518 3926 ut
539 3863 620 3929 haec
642 3862 744 3926 verba
765 3862 812 3927 eis
834 3876 919 3944 quae
942 3860 1144 3924 antecedunt
1164 3862 1415 3945 responderent:
1439 3861 1564 3923 ἀνοσίων
1586 3858 1684 3946 ἔργων
1699 3862 1827 3947 τιρωροί.
1865 3860 1977 3927 Simili:

317 3963 402 4044 qu'ae
424 3962 578 4046 leguntur
598 3961 637 4024 II
659 3961 679 4023 ἀ
699 3961 739 4045 3².
756 3961 870 4045 ου”γάρ
889 3962 1021 4045 μηνυτὴς
1039 3960 1108 4022 οὐδ’
1132 3961 1275 4046 ἐλεγκτὴρ
1298 3965 1356 4023 τῶν
1377 3960 1611 4022 ἀποκτεινάντων
1633 3959 1706 4042 εἷρί,
1744 3961 1874 4046 μηνυτὴς
1908 3983 1977 4024 raro

315 4061 450 4126 Atticos
472 4068 665 4142 usurpatum
688 4070 746 4126 est.
769 4098 807 4108 -
830 4059 888 4124 HI
911 4083 929 4141 γ
949 4062 1002 4125 10:
1025 4061 1202 4148 συλλήπτωρ
1223 4061 1270 4122 καὶ
1292 4061 1431 4127 κοινωνὸς
1450 4057 1490 4127 εἷς
1512 4058 1575 4128 τοὺς
1597 4059 1631 4122 ου’
1656 4063 1859 4146 προσήκοντας
1879 4064 1932 4144 τῆς
1951 4062 1977 4144 ἀγ

316 4161 478 4244 γενόμενος.
502 4194 537 4204 -
563 4156 621 4221 III
640 4159 663 4237 β
684 4163 723 4222 6:
758 4161 925 4244 πράκτορες
945 4165 1004 4223 τῶν
1026 4159 1172 4222 ἀκουσίων
1193 4158 1271 4251 είσίν.
1300 4194 1341 4203 -
1375 4157 1518 4241 πράκτωρ
1541 4179 1581 4220 ex
1602 4159 1776 4241 poetarum
1798 4157 1929 4222 dicendi
1952 4182 1974 4222 u

317 4267 460 4322 sumtum
490 4265 558 4336 est,
587 4256 625 4319 cf.
649 4254 801 4339 Sophocl.
823 4257 944 4321 Electr.
967 4257 1037 4324 251.
1071 4258 1225 4342 Aeschyl.
1246 4259 1365 4342 Agam.
1389 4256 1456 4323 112.
1492 4247 1661 4339 Aristoph.
1684 4255 1767 4320 Ran.
1792 4257 1888 4334 1289;
1913 4295 1949 4304 —

317 4377 448 4438 quoque
469 4360 541 4420 loco
564 4356 817 4439 circumscripsit
839 4365 950 4421 orator
971 4356 1137 4419 verbalem
1158 4358 1326 4421 notionem
1349 4356 1558 4422 substantivo
1581 4379 1655 4418 cum
1677 4356 1778 4420 verbo
1806 4357 1977 4421 auxiliario

318 4453 437 4516 dicitur
466 4458 657 4540 conjuncte,
690 4455 781 4538 quod
811 4454 974 4518 enuntiati
1004 4455 1149 4519 membra
1177 4455 1301 4539 pariter
1330 4456 1469 4519 formare
1500 4453 1673 4534 studebat3
1711 4456 1750 4518 cf.
1772 4454 1877 4519 totius
1897 4478 1977 4539 para

316 4551 431 4616 verba:
464 4552 543 4616 οἵτε
565 4555 622 4640 γάρ
643 4554 927 4638 ἀιιαρτάνοντεςών
948 4551 985 4614 ἀν
1008 4553 1182 4641 ἐπινοὴσωσι
1204 4555 1323 4640 ἀράσαι,
1357 4555 1436 4618 οὗτοι
1459 4557 1627 4640 πράκτορες
1647 4560 1705 4618 τῶν
1727 4554 1873 4617 ἀκουσίων
1895 4554 1977 4616 εἷσίνΙ

316 4651 448 4716 ἑκούσιόν
470 4675 495 4714 τι
516 4651 684 4740 ἀρῶντεςλγ
710 4654 884 4740 πάσγοντες,
915 4651 994 4714 οὗτοι
1025 4658 1084 4716 τῶν
1113 4652 1297 4738 παιλιγιιίτων
1325 4653 1407 4717 αἴτιοι
1429 4655 1580 4736 γίγνονται.
1623 4653 1743 4737 Neque
1765 4662 1875 4717 autem
1896 4657 1971 4736 plus

316 4751 416 4816 sionis
436 4751 472 4815 in
493 4750 554 4813 hac
577 4750 706 4818 dicendi
729 4753 856 4817 ratione
877 4752 963 4817 inest
986 4773 1085 4835 quam
1106 4753 1140 4815 in
1163 4752 1209 4816 eis
1231 4777 1316 4838 quae
1339 4754 1381 4817 ad
1411 4753 1551 4817 eundem
1579 4753 1713 4818 modum
1741 4753 1776 4816 in
1806 4751 1922 4835 quinta
1945 4763 1977 4815 et

317 4851 463 4914 oratione
485 4850 575 4914 dicta
603 4859 696 4930 sunt,
728 4855 821 4937 cujus
848 4853 895 4917 rei
917 4837 987 4938 jam
1017 4874 1116 4937 supra
1147 4856 1329 4938 exemplum
1355 4851 1389 4914 in
1418 4851 1563 4915 medium
1592 4851 1787 4936 protulimus
1810 4849 1853 4930 V,
1876 4853 1915 4915 94
1938 4875 1977 4932 γνι

315 4946 450 5028 γίγνεσάε
473 4953 527 5034 τῆς
544 4949 645 5034 δίκης
666 4985 707 4994 -
728 4951 836 5036 pergit
852 4945 970 5016 'autem
993 4951 1039 5015 ibi
1063 4959 1173 5017 orator
1195 4952 1319 5016 dicere:
1350 4951 1484 5013 bracara?
1513 4951 1651 5032 γίγνεσιλε
1674 4956 1731 5012 τῶν
1753 4947 1892 5036 ἀλιγάῶν,
1910 5001 1917 5012 .
1934 4999 1965 5013 ..

1869 5069 1912 5120 2*
