4120 5526
1136 323 1288 421 ..li-

318 531 354 594 δέ
376 534 434 599 τοῖς
453 527 624 616 ἀνηκέστοις
643 529 702 591 κτλ.
727 564 765 576 -
792 525 832 608 V,
854 529 911 591 94:
946 529 1066 593 ...καί
1087 526 1189 590 τούτου
1212 526 1370 610 φάρμακον
1393 528 1425 588 τά
1447 523 1535 594 atet<
1560 525 1701 598 κολάσαι,
1736 529 1785 588 τοῦ
1816 526 1851 588 δὲ
1874 529 1960 588 τούτο.

314 629 426 714 μένους
446 625 669 713 ἐξεργάσασθαι
690 626 710 688 ἃ
731 623 811 689 οὗτοι
830 627 990 706 βούλονται
1011 627 1064 690 οὐκ
1085 625 1163 689 ἔστιν
1183 623 1264 694 ἴασις.
1284 663 1325 673 -
1346 623 1389 705 V,
1411 627 1467 691 95:
1491 625 1553 706 άμα
1575 627 1618 708 τῷ
1638 627 1751 708 σώματι
1772 627 1820 687 καὶ
1841 626 1859 710 η
1882 649 1962 710 τιμωγ

318 729 422 790 λωλεν.
446 764 488 774 -
512 724 552 800 V,
575 727 631 790 86:
654 727 680 788 οί
702 726 760 809 γὰρ
783 726 883 788 πολλοὶ
904 727 1020 807 ἀγῶνες
1039 729 1074 812 τῇ
1092 727 1148 809 μὲν
1169 723 1297 811 ’ἀληδείᾳ
1312 724 1460 812 σύμμαχοί
1472 725 1552 797 εἰσιν,
1576 725 1664 809 τῇδὲ
1679 723 1804 810 διαβολῇ
1820 726 1962 807 πολεμιώτ

316 825 499 912 Magnifice
523 836 556 889 et
578 847 697 910 magna
719 847 793 888 cum
815 825 968 889 ubertate
991 825 1117 889 dictum
1140 832 1190 890 est
1212 824 1302 907 quod
1323 824 1464 909 legimus
1485 823 1530 904 V,
1550 824 1607 889 82ε
1642 823 1720 908 οἶμαι
1750 825 1808 910 γὰρ
1830 825 1907 908 ὑμᾶς
1924 827 1964 887 ἐπ

318 928 363 987 ὅτι
386 925 492 999 πολλοίΙ
507 923 564 1012 ἤδη
586 925 740 1010 ἀνδριυποι
757 925 799 1010 μη
823 922 951 1011 καδαροί
966 923 1112 1012 γεῖράςη
1135 923 1207 986 ἄλλο
1230 948 1254 987 τι
1273 923 1389 1006 μίασμα
1411 921 1529 1009 ἔχοντες
1547 923 1754 1004 συνεισβάντες
1775 923 1818 992 είς
1837 926 1869 986 τὸ
1892 924 1965 986 πλυῖι

321 1023 461 1086 πώλεσαν
477 1025 554 1106 μετὰ
577 1027 628 1109 τῆς
649 1025 749 1086 αὑτῶν
770 1026 868 1110 ψυχῆς
887 1024 955 1092 τοὺς
973 1026 1065 1093 ὁσίως
1083 1021 1285 1106 διακειμένους
1304 1021 1339 1084 τὰ
1362 1024 1438 1107 πρὸς
1456 1021 1526 1090 τοὺς
1544 1020 1650 1091 δεούς,·
1685 1024 1789 1085 multo
1812 1021 1898 1085 enim
1920 1022 1966 1086 sin

321 1121 507 1205 scripsisset
530 1130 652 1186 orator:
684 1123 899 1185 συναπώλεσαν
916 1117 992 1205 μεδ’
1014 1123 1130 1186 ἑαυτῶν
1151 1123 1199 1184 καὶ
1221 1121 1289 1210 τοὺς
1308 1120 1407 1189 ὁσίους
1426 1121 1495 1185 sive
1518 1121 1587 1188 τοὺς
1605 1120 1747 1200 εὐσεβεῖς.
1790 1119 1835 1201 V,
1855 1122 1911 1184 86:
1933 1123 1967 1183 ἀλ

322 1243 346 1283 τι
368 1223 415 1282 καί
437 1225 479 1304 τῷ
494 1227 599 1307 γράιαρ
618 1216 692 1303 μεθ’
713 1219 748 1283 οὔ
771 1220 923 1306 ἀρδιίτατα
945 1222 1127 1307 εὑρίσκουσιν
1147 1223 1174 1284 οἱ
1196 1222 1248 1307 τὴν
1268 1221 1424 1305 ἀκρίβειαν
1446 1220 1602 1304 ζητοῦντες
1620 1225 1679 1282 τῶν
1695 1221 1886 1304 πραγμάτων.
1919 1220 1968 1284 Vi:

321 1329 392 1383 tare
414 1318 491 1383 licet
513 1320 594 1402 quin
615 1317 696 1383 haec
719 1320 802 1385 siin
824 1319 1008 1406 tetralogiis
1029 1321 1250 1404 reperirentur
1270 1320 1417 1383 nonnulli
1439 1319 1473 1381 in
1494 1341 1629 1382 numero
1652 1341 1764 1382 earum
1780 1321 1969 1383 locutionun

318 1425 392 1481 rent
414 1417 563 1500 quas‘ab
584 1419 793 1502 Antiphonte
821 1419 945 1503 quippe
974 1421 1032 1502 qui
1062 1421 1200 1504 simplex
1230 1429 1262 1482 et
1288 1419 1432 1484 sincerus
1455 1426 1542 1484 esset
1564 1417 1802 1503 abjudicandas
1827 1440 1898 1484 esse
1921 1442 1970 1482 cer

318 1515 415 1580 Idem
448 1516 537 1579 cadit
570 1518 604 1579 in
635 1520 733 1602 longe
766 1521 940 1602 plerosque
967 1540 1050 1601 quos
1079 1515 1177 1582 attuli
1206 1518 1393 1582 orationum
1421 1517 1557 1600 quintae
1583 1525 1615 1580 et
1637 1525 1751 1582 sextae
1771 1521 1871 1583 locos.
1895 1555 1931 1565 —
1956 1517 1972 1583 ἓ

319 1614 478 1699 grandius
500 1615 656 1708 videntur
678 1616 768 1679 dicta
791 1639 861 1682 esse
884 1639 971 1700 quae
993 1619 1063 1702 ejus
1085 1618 1215 1703 generis
1236 1619 1271 1682 in
1291 1619 1478 1703 tetralogiis
1501 1626 1646 1682 exstant:
1669 1617 1707 1681 ΙΙ
1722 1619 1742 1680 δ
1758 1619 1796 1682 12
1818 1618 1936 1687 ἀνίατος
1949 1644 1973 1700 μ

319 1712 357 1776 lI
376 1714 401 1794 β
423 1716 440 1776 7
463 1715 550 1776 οὐδὲν
574 1716 749 1800 πικρότερον
771 1720 825 1800 τῆς
844 1717 970 1804 ἀτυχίας.
1014 1716 1052 1780 ΙΙ
1070 1718 1095 1799 β
1115 1718 1134 1782 8
1158 1723 1255 1804 τηρεῖν
1277 1721 1328 1803 τὴν
1350 1720 1516 1803 ἀσφάλειαν
1538 1722 1591 1803 τῆς
1615 1718 1780 1803 ἐπιβουλῆς.
1830 1717 1887 1781 ΙΙΙ
1911 1743 1930 1780 α
1952 1719 1974 1780 2

319 1811 485 1896 adjectiva
507 1811 610 1898 ἄωρος
627 1815 675 1876 καί
697 1818 819 1900 γηραιὸς
838 1837 912 1879 cum
934 1815 1143 1882 substantivo
1165 1819 1286 1903 τελευτὴ
1306 1820 1481 1901 conjuncta
1496 1825 1590 1895 sunt;
1612 1839 1697 1900 quae
1713 1817 1900 1901 conjunctio
1916 1835 1975 1881 non

320 1909 493 1973 offensioni
516 1920 577 1992 est,
599 1933 699 1994 quam
722 1935 760 1977 ea
782 1935 869 1996 quae
892 1915 981 1999 apud
1001 1915 1232 2000 Thucydidem
1254 1924 1319 1981 est:
1348 1916 1396 1998 ΙΙ,
1417 1917 1469 1997 43,
1490 1917 1526 1979 2ε
1550 1918 1673 2004 ἀγηρως
1692 1914 1817 1986 ἔπαινος.
1839 1953 1879 1963 -
1902 1917 1976 1996 ΙΙΙ,

317 2010 452 2092 σώφρων
468 2010 578 2095 χάρις.
594 2059 601 2073 .
618 2059 626 2074 .
642 2012 750 2099 αι’σχρά
766 2014 862 2100 γάρις.
914 2014 960 2078 ΕΙ
992 2015 1049 2097 qui
1083 2015 1241 2081 orationis
1263 2015 1297 2077 V
1319 2018 1391 2100 §91
1414 2015 1533 2100 ἀκέστῳ
1563 2018 1710 2101 πράγματι
1740 2025 1774 2079 et
1802 2016 1834 2078 ἐν
1862 2016 1973 2100 ἀνηκέσ

318 2107 468 2191 πράγμασι
489 2108 618 2193 scripsit
641 2132 699 2174 cur
721 2134 796 2175 eum
817 2120 973 2197 putamus
994 2137 1060 2178 non
1080 2115 1231 2198 potuisse
1253 2115 1409 2182 scribere:
1433 2115 1553 2184 ἀνίατος
1566 2113 1728 2198 μετάνοιαλ
1757 2115 1835 2178 Alia
1857 2125 1950 2180 sunt:
1974 2115 1979 2178 2

318 2205 365 2268 13.
398 2205 457 2270 ΙΙΙ
476 2232 495 2289 γ
514 2212 541 2276 6.
564 2212 592 2273 4.
616 2210 664 2273 12.
698 2210 755 2273 ΙΙΙ
774 2211 799 2291 β
819 2211 848 2274 2.
884 2211 929 2274 ΕΙ
952 2213 1042 2294 quod
1064 2214 1098 2277 in
1119 2215 1303 2301 tetralogiis
1318 2214 1491 2298 Antiphon
1514 2213 1597 2278 duas
1619 2214 1770 2279 notiones
1792 2235 1851 2297 per
1872 2217 1920 2276 καί
1940 2217 1980 2276 οδ

317 2306 408 2369 culas
430 2307 611 2390 conjunxit,
633 2311 723 2371 velut
746 2308 784 2372 ΙΙ
803 2309 828 2390 β
849 2312 867 2375 5
891 2309 1083 2395 ἐσωφρόνουν
1105 2314 1153 2374 καί
1173 2316 1227 2375 ουέι
1247 2313 1408 2396 ἐμαίνοντο.
1432 2351 1470 2360 -
1493 2311 1550 2376 ΙΙΙ
1569 2313 1594 2394 β
1615 2314 1649 2375 2ε
1674 2313 1747 2398 δάἡ,
1769 2314 1878 2395 καὶμὴ
1899 2312 1981 2397 ἀληδ

317 2425 335 2483 γ
347 2402 384 2463 3:
408 2400 490 2488 ἔργιρ
512 2409 560 2468 καί
581 2407 615 2468 ου’
637 2407 727 2491 λόγῳ.
749 2446 790 2454 -
812 2405 865 2472 IV
877 2409 902 2490 β
915 2411 949 2472 4ε
973 2409 1021 2471 διά
1045 2411 1098 2494 τὴν
1120 2413 1171 2472 τοῦ
1192 2412 1294 2497 ἰατροῦ
1313 2410 1482 2500 μογδηρίαν
1504 2415 1552 2474 καί
1572 2413 1607 2474 ου’
1629 2399 1677 2474 διὰ
1693 2412 1746 2480 τὰς
1760 2412 1880 2534 πληγάς.
1902 2449 1942 2458 -
1965 2412 1983 2492 Ι

318 2522 420 2562 τουτον
441 2524 489 2564 και
510 2503 563 2566 οδκ
584 2504 708 2587 ἐμέ-
731 2505 871 2587 Νβ8ε
895 2508 959 2591 υμῖν
981 2510 1029 2570 καί
1049 2509 1083 2570 ου’
1106 2509 1272 2594 rotua—
1231 2511 1345 2576 -IV
1368 2513 1440 2576 δὸε
1464 2535 1514 2574 του
1526 2511 1594 2595 άρς
1596 2535 1686 2581 αντος
1705 2513 1752 2574 καί
1773 2535 1808 2574 ου
1831 2534 1880 2573 του
1903 2512 1984 2604 dJiov3

317 2607 375 2662 aut
396 2621 455 2683 per
477 2603 590 2664 οδκ-
611 2605 687 2665 ἀλλὰ
708 2604 879 2670 verba't
830 2616 879 2670 int
882 2629 917 2670 er
938 2630 973 2672 se
996 2609 1162 2692 opposuit,
1184 2615 1290 2675 velut:
1322 2611 1360 2675 II
1379 2601 1458 2693 β5ε
1481 2611 1535 2674 οὐκ
1556 2613 1678 2679 ἀπεικὸς
1695 2610 1771 2672 ἀλλὰ
1793 2610 1877 2678 εἰκός.
1900 2599 1985 2686 -13

316 2723 406 2762 ουκ
391 2699 509 2764 ελάσσω
531 2702 606 2764 ἀλλά
629 2703 702 2765 πολυ
720 2703 884 2829 μείζω-
852 2705 966 2770 ΙΙΙ
986 2707 1065 2787 βίε
1089 2705 1127 2770 οὔ
1146 2732 1178 2772 τε
1201 2711 1298 2794 γάρι
1279 2712 1323 2774 ἀπ
1301 2710 1475 2795 πειρημένον
1497 2711 1572 2772 ἀλλὰ
1595 2709 1918 2795 aporrsruysrivovae-
1943 2691 1987 2793 113

313 2797 352 2862 οὔ
372 2823 403 2862 τε
425 2801 529 2886 γὰρ..
547 2804 637 2866 δ.σια
659 2798 769 2866 ἀλλ”
750 2805 930 2868 ανίσκου-
959 2806 1010 2869 IV
1030 2807 1110 2888 β2ε
1141 2809 1175 2871 ου’
1204 2810 1294 2872 ταύτὰ
1323 2810 1400 2872 ἀλλὰ
1424 2810 1497 2872 πολὺ
1516 2809 1638 2893 μείζονα
1661 2811 1710 2872 καί
1733 2808 1906 2874 πλείονα-
1908 2803 1988 2874 -Il

314 2899 349 2961 οὐ
371 2899 407 2962 δὲ
429 2900 574 2985 κρείσσων
594 2903 671 2964 ἀλλὰ
694 2905 766 2966 πολὺ
790 2905 1014 2991 ὑποδεέστερος,
1039 2928 1125 2989 quae
1147 2908 1282 2989 quidem
1304 2908 1478 2973 verborum
1500 2908 1687 2993 conjunctio
1709 2909 1827 2994 rigoris
1853 2911 1950 3018 plena
1973 2927 1989 2973 e

257 3003 259 3014 '
314 2997 424 3061 Pahlii
446 2999 487 3063 de
509 3001 627 3064 haere
649 3003 750 3066 verba
771 3008 792 3068 l
810 3007 830 3067 l.
846 3028 878 3089 p.
895 3005 962 3089 12),
984 3006 1084 3070 etiam
1105 3007 1139 3070 in
1161 3007 1222 3071 hac
1244 3029 1278 3071 re
1301 3011 1451 3091 exemplo
1465 2933 1674 3092 Thucydidis
1695 3006 1746 3070 uti
1768 3007 1866 3069 liceat
1887 3007 1945 3088 qui
1968 2991 1990 3092 s3

314 3095 364 3158 ita
385 3098 487 3162 verba
510 3102 696 3186 conjunxit:
723 3103 803 3185 VH,
823 3109 875 3186 44,
896 3107 1070 3190 6μέγιστον
1092 3132 1140 3170 και
1161 3109 1216 3194 οδγ
1236 3109 1408 3193 ἥκιστα-
1371 3106 1516 3188 -VII,
1538 3109 1589 3187 49,
1611 3107 1646 3168 3:
1670 3108 1713 3169 δτι
1732 3106 1851 3191 τάχιστα
1866 3129 1913 3166 και
1906 3093 1991 3202 3:⁷33

316 3193 592 3263 ἕξονίστασδαι.«
617 3199 697 3282 VII,
719 3203 769 3283 85,
791 3206 826 3267 4:
851 3205 986 3273 πλεῖστος
1003 3205 1153 3289 φόβος
1118 3229 1206 3275 ουτος
1223 3209 1270 3269 καὶ
1290 3207 1415 3275 οὐδενὸς
1434 3206 1640 3269 ἐλάσσων-
1669 3203 1733 3285 Vl,
1753 3205 1804 3285 87,
1826 3205 1861 3266 2ε
1892 3205 1945 3265 ουκ
1968 3203 1991 3284 dl

316 3297 522 3380 παρακληδεν
512 3321 560 3368 ε
579 3323 619 3362 τε.
651 3300 772 3366 Sed
796 3323 834 3366 ea
856 3325 972 3386 aspera
994 3304 1126 3368 dicendi
1148 3305 1233 3370 ratio
1255 3304 1297 3368 ab
1321 3313 1451 3369 oratore
1472 3303 1646 3390 gravitatis
1669 3325 1767 3368 causa
1789 3302 1921 3366 videtur
1947 3324 1991 3384 qu

315 3409 396 3455 esse.
433 3391 549 3477 Neque
570 3398 787 3482 premendum
809 3411 859 3485 est
882 3423 922 3464 ex
943 3424 1016 3464 mea
1038 3403 1203 3467 sententia
1223 3404 1258 3467 in
1281 3404 1485 3469 orationibus
1503 3403 1535 3466 V
1558 3411 1591 3467 et
1606 3402 1659 3466 VI
1679 3403 1760 3465 talia
1782 3423 1847 3464 non
1870 3401 1991 3484 scripta

312 3487 402 3554 Nam
424 3492 525 3557 etiam
546 3497 581 3559 in
603 3498 663 3588 hac¹
686 3521 720 3563 re
743 3508 929 3583 temporum
956 3503 1049 3579 ratio¹
1067 3501 1164 3567 nobis
1192 3503 1346 3568 habenda
1376 3512 1435 3570 est.
1483 3502 1602 3567 Nonne
1633 3501 1721 3585 apud
1750 3501 1832 3567 alios
1858 3499 1991 3584 scripto!

317 3592 407 3674 ipsos
439 3594 553 3659 videre
585 3598 662 3662 licet
694 3601 779 3663 inter
811 3622 849 3664 ea
882 3601 1005 3684 scripta
1026 3622 1112 3683 quae
1134 3600 1241 3685 prima
1267 3601 1443 3666 ediderunt
1466 3609 1499 3664 et
1521 3623 1560 3664 ea
1582 3622 1667 3683 quae
1687 3598 1846 3683 temporis
1868 3599 1974 3681 spatio

314 3691 424 3772 posito
458 3717 497 3758 ea
530 3706 644 3761 secuta
677 3708 753 3764 sunt
786 3699 960 3766 discrimen
992 3699 1173 3766 interesse?
1220 3700 1269 3766 Ut
1292 3705 1441 3786 exemplo
1463 3711 1606 3782 utamur,
1627 3721 1735 3764 nonne
1756 3699 1844 3762 inter
1864 3697 1973 3761 Taciti

314 3810 397 3871 quos
418 3795 541 3878 primos
564 3802 749 3884 composuit
771 3810 805 3866 et
827 3825 883 3868 eos
905 3825 989 3886 quos
1011 3812 1129 3887 postea
1150 3800 1258 3866 edidit
1273 3799 1448 3866 discrimen
1462 3800 1554 3864 haud
1567 3819 1707 3884 parvum
1721 3795 1926 3862 intercedere
1943 3818 1990 3859 cor

315 3887 468 3974 Exempli
489 3899 596 3980 gratia
611 3899 748 3966 Tacitus
769 3901 871 3965 verba
893 3924 1075 3988 synonyma
1096 3902 1131 3964 in
1152 3899 1262 3985 parvis
1283 3899 1415 3984 scriptis
1436 3899 1550 3963 velut
1542 3922 1576 3963 m
1586 3898 1764 3985 Agricolae
1777 3895 1848 3959 vita
1865 3902 1899 3957 et
1913 3894 1947 3956 in
1963 3892 1990 3955 di

315 3988 373 4069 qui
395 4001 532 4056 vocatur
551 3999 696 4066 notionis
717 4001 916 4084 premendae
938 4023 1037 4067 causa
1059 4003 1257 4086 conjungere
1279 4003 1381 4080 solet,
1410 4000 1505 4083 cujus
1533 3997 1666 4062 dicendi
1691 3995 1838 4060 modim
1860 3991 1990 4056 annalib

315 4090 494 4175 vestigium
505 4094 639 4175 quidem
650 4109 761 4181 potest
770 4101 1006 4180 animadverti;
1020 4101 1181 4187 cl.Agric.
1190 4101 1245 4165 vit.
1255 4121 1325 4183 cap.
1335 4104 1351 4163 l
1361 4099 1441 4161 vicit
1453 4106 1486 4162 et
1496 4117 1709 4182 supergressa
1723 4102 1773 4160 est
1783 4094 1948 4175 -cap.4:
1970 4091 1990 4154 ii

314 4187 641 4276 indulgentiaque-
658 4219 728 4280 cap.
744 4203 779 4263 6:
802 4201 916 4283 quiete
938 4210 971 4264 et
994 4201 1080 4279 oti03
1102 4200 1191 4265 idem
1214 4221 1308 4284 capp.
1323 4199 1361 4263 21
1385 4206 1419 4262 et
1440 4199 1481 4262 42
1503 4196 1625 4282 dialog.
1641 4196 1682 4260 28
1697 4195 1823 4281 gremio
1839 4215 1877 4257 ac
1893 4193 1968 4258 sinu
1983 4213 1990 4254 1

316 4288 356 4347 al.
378 4293 491 4357 multa.
526 4291 579 4356 Ex
603 4315 641 4356 ea
663 4305 774 4360 autem
795 4320 830 4362 re
852 4298 943 4381 quod
964 4300 998 4361 in
1020 4299 1193 4364 annalibus
1214 4299 1243 4364 is
1265 4297 1398 4362 dicendi
1418 4319 1499 4362 usus
1521 4295 1616 4360 abest
1637 4295 1718 4358 nihil
1742 4292 1833 4357 aliud
1854 4292 1948 4374 sequi
1965 4293 1990 4352 vi

317 4402 414 4462 quam
446 4400 484 4453 ut
515 4392 549 4456 in
581 4393 628 4458 eis
664 4397 850 4460 accuratius
883 4398 1067 4460 orationem
1099 4397 1324 4462 elaboraverit.
1362 4395 1619 4509 'Antiphontem
1639 4394 1742 4480 igitur
1763 4393 1797 4456 in
1820 4392 1868 4458 eis
1890 4392 1990 4454 oratic

315 4501 399 4564 quas
420 4492 521 4558 aetati
535 4495 614 4604 ,ejus
631 4495 702 4578 jam
722 4503 899 4578 provectae
920 4494 1142 4562 tribuimus
1117 4517 1259 4582 ngorem
1281 4496 1338 4578 qui
1360 4495 1393 4558 in
1414 4495 1561 4579 priorum
1576 4502 1762 4577 temporum
1778 4490 1909 4574 scriptis
1924 4498 1975 4554 est

314 4581 457 4648 evitasse
480 4591 567 4654 etin
590 4592 719 4659 dicendi
741 4592 902 4657 rationem
924 4596 1080 4678 majorem
1103 4617 1236 4678 operam
1259 4595 1491 4660 contulissem
1514 4603 1633 4658 natura
1654 4609 1762 4656 rerum
1784 4599 1844 4656 est
1888 4589 1983 4653 Idem

312 4681 347 4744 in
370 4704 409 4746 ea
431 4705 517 4767 quae
532 4685 757 4777 Spengelius
749 4716 788 4762 m
804 4691 916 4758 Musei
938 4692 1090 4758 Rhenani
1112 4695 1278 4758 volumine
1302 4697 1339 4758 17
1362 4697 1490 4758 monuit
1510 4715 1610 4780 pagg.
1628 4695 1686 4757 166
1709 4699 1742 4756 et
1754 4689 1861 4770 ,167
1854 4711 1888 4751 1n
1910 4697 1989 4751 tetra

312 4783 492 4880 particulas
514 4809 568 4850 τε.
585 4837 614 4853 ..
631 4814 663 4853 τε
683 4794 796 4860 multis
818 4794 897 4858 locis
920 4793 1088 4881 conjungi,
1111 4793 1291 4878 particulas
1314 4817 1391 4857 τε..
1409 4796 1481 4857 ,καὶ
1501 4793 1633 4858 duobus
1655 4794 1761 4855 solum
1787 4789 1868 4854 locis
1890 4809 1989 4871 reper:

315 4886 431 4950 ceteris
461 4896 573 4950 autem
604 4891 808 4958 orationibus
830 4916 907 4959 τε..
925 4946 932 4960 .
949 4917 981 4956 τε
1011 4893 1191 4976 particulas
1222 4893 1274 4959 bis
1307 4892 1488 4958 seeundum
1519 4891 1669 4956 codicum
1691 4891 1904 4972 scripturam,
1927 4897 1981 4948 τε.

314 4983 504 5066 saepissime
526 4987 601 5072 legi.
634 4986 721 5052 Nam
743 4992 771 5055 si
794 4992 985 5077 respicimus
1008 5015 1047 5058 eo
1069 5002 1218 5078 tempore
1240 5015 1307 5078 quo
1321 4992 1565 5076 Antiphontem
1581 4989 1772 5074 conjicimus
1786 4987 1909 5072 primas
1929 5006 1989 5048 ora*
