4120 5526
1187 268 1224 330 17

316 471 386 539 ύῶν.
410 497 450 518 -·-
476 471 516 552 V,
540 472 573 532 l:
613 473 664 531 νῦν
695 469 729 532 δὲ
761 473 810 532 τοῦ
838 470 894 553 μὲν
925 467 1103 554 πεπείραμαι
1133 465 1211 552 πέρα
1241 471 1290 530 τοῦ
1321 470 1522 557 προσήκοντας
1539 473 1547 555 11
1570 475 1620 534 τοῦ
1649 473 1683 535 δὲ
1708 473 1814 562 ἐνδεής
1832 475 1888 558 εἶμι
1907 477 1986 558 μᾶλλ

316 572 523 658 σομρέροντος,
544 571 579 633 111
601 567 722 651 quibus
744 566 852 632 verbis
873 569 1007 652 parison
1031 577 1064 630 θῖ
1086 569 1376 633 homoeoteleuton
1399 591 1484 652 quae
1499 581 1659 635 vocantur
1682 582 1867 638 cernuntur.
1901 576 1978 639 Pari

313 675 455 737 formata
478 678 555 735 sunt
577 667 739 732 enuntiati
762 667 907 731 membra
929 666 986 730 Ill
1009 692 1029 728 α
1051 669 1103 730 10:
1128 669 1144 727 ύ
1162 668 1219 750 μὲν
1241 667 1298 754 γὰρ
1322 668 1529 755 πρεσβύτερός
1547 671 1608 733 ἐστι
1630 677 1690 735 τῶν
1711 673 1791 756 ἐμῶν
1814 677 1987 759 πραγμύτωι

312 775 347 836 δὲ
371 773 471 853 πολλῷ
495 770 643 853 νεώτερος
663 773 720 830 τῶν
743 767 847 852 ἐκεένιρ
870 766 1104 852 πεπραγμένων,
1126 764 1192 828 'ubi
1214 765 1256 828 ad
1279 766 1459 832 antithesin
1481 769 1614 852 parison
1637 779 1669 833 et
1691 770 1980 837 homoeoteleuton

312 873 405 936 dunt.
450 866 578 942 Similia
600 875 693 931 sunt:
719 865 760 946 V,
781 868 810 931 5.
834 867 882 932 23.
905 868 954 930 46.
977 867 1025 929 47.
1049 868 1097 931 60.
1126 863 1184 929 Ill
1206 865 1226 926 d
1247 868 1274 931 7.
1303 903 1344 913 —
1372 866 1609 931 Trimembrem
1632 871 1904 954 compositionem
1926 896 1987 956 am]

313 969 459 1034 ambitus
480 966 620 1052 legimus
642 965 680 1029 II
702 991 722 1028 α
743 970 776 1030 6:
800 966 834 1027 ἐκ
857 966 981 1028 παλαιοῦ
1003 965 1061 1050 γὰρ
1083 962 1195 1052 ἐγύρὸς
1213 964 1255 1025 ὢν
1278 965 1368 1027 αὐτοῦ
1388 965 1398 1050 11
1421 963 1531 1054 πολλὰς
1548 968 1603 1052 μὲν
1624 971 1673 1031 καὶ
1690 970 1826 1052 μεγάλας
1845 973 1965 1057 γραφὰς
1984 1005 1987 1032 t

313 1067 454 1148 οὐδεμίαν
476 1065 552 1127 εἶλεν
570 1071 573 1146 1
590 1063 632 1128 ἔτι
654 1065 689 1127 δὲ
707 1065 828 1148 μείζους
845 1067 893 1127 καλ
915 1064 1033 1134 πλείους
1051 1061 1188 1151 ὃιωγύελς
1208 1060 1400 1126 οὐδεπώποτ’
1422 1067 1585 1150 ἀποφαγὼν
1607 1069 1707 1130 ἱκανὸν
1727 1069 1824 1154 μέρος
1840 1075 1898 1132 τῶν
1913 1070 1987 1132 duria

310 1165 445 1249 βέβληκε
466 1165 475 1248 11
497 1165 531 1226 τὰ
561 1165 597 1226 δὲ
626 1164 749 1251 ἄγχιστα
777 1166 868 1249 ἱερῶν
896 1165 1008 1248 κλοπῆς
1032 1163 1113 1224 dcciv
1139 1163 1290 1224 ταλάντοιν
1312 1163 1516 1248 γεγραμμένος
1535 1159 1589 1226 ὑπ’
1611 1167 1702 1228 αὐτού
1727 1175 1730 1248 1
1753 1169 1898 1237 συνειδὼς
1912 1171 1970 1252 μὲν

314 1269 345 1329 τὸ
367 1266 494 1351 οῗιλίκημα
519 1267 521 1346 1
546 1263 686 1348 ἔμπειρος
705 1257 738 1324 d'
760 1263 803 1325 ὢν
825 1267 879 1348 τῆς
898 1263 1000 1325 τούτου
1023 1263 1179 1345 δυνάμεως
1200 1265 1203 1342 1
1224 1268 1414 1346 μνησικακῶν
1441 1264 1476 1327 δὲ
1506 1270 1565 1327 τῶν
1587 1263 1758 1350 ἔμπροσθεν
1780 1269 1787 1348 11
1810 1269 1933 1336 εἷκύτως
1947 1270 1986 1351 μὲ

308 1367 472 1448 βούλευσεν
496 1367 498 1448 1
525 1365 647 1432 εἰκότως
672 1362 707 1425 δὲ
738 1363 922 1447 ἀρνούμενος
947 1364 997 1446 τὴν
1025 1359 1138 1449 ἔγύραν
1169 1360 1322 1423 ἀπέκτεινε
1349 1364 1398 1423 τὸν
1425 1361 1532 1448 ἄνδρα.
1557 1401 1595 1413 -
1619 1361 1669 1431 Ol.
1693 1364 1730 1429 II
1753 1390 1772 1427 α
1797 1369 1845 1430 10.
1876 1366 1934 1430 Ill
1958 1368 1977 1429 d

308 1466 400 1530 Bene
424 1467 582 1529 formatae
605 1471 681 1527 sunt
703 1461 832 1546 periodi
854 1482 937 1544 quas
959 1461 1098 1545 legimus
1120 1460 1179 1523 III
1195 1462 1214 1523 d
1228 1463 1256 1527 8.
1287 1461 1324 1524 II
1347 1486 1366 1523 ο.
1388 1463 1416 1528 3.
1439 1463 1478 1526 ΙΙ
1500 1463 1520 1525 d
1540 1467 1568 1527 6.
1596 1463 1640 1544 V,
1663 1465 1710 1526 12.
1733 1465 1782 1530 27.
1811 1465 1874 1547 Vl,
1897 1467 1987 1532 2111

309 1565 424 1628 allerre
446 1564 543 1626 liceat
565 1584 637 1625 eam
659 1583 744 1643 quae
766 1561 799 1622 in
822 1567 902 1624 orat.
924 1558 968 1641 V,
990 1561 1063 1643 §45
1088 1568 1212 1625 exstat:
1247 1558 1348 1622 ἔπειτα
1377 1561 1409 1623 ὲν
1437 1565 1474 1648 τῇ
1505 1566 1541 1649 γῇ
1566 1563 1622 1646 μὲν
1651 1560 1879 1650 ἀπούσνύντος1
1904 1564 1987 1629 ἐντιύ.

309 1665 352 1733 εἷς
371 1667 402 1726 τι)
426 1663 523 1725 πλοῖον
547 1665 550 1742 1
574 1660 642 1724 ούιε
665 1661 696 1723 ἐν
719 1663 753 1745 τῇ
775 1663 838 1746 ml
861 1663 982 1744 σημεῖον
1003 1655 1070 1723 ον’ύ’
1093 1659 1165 1743 αξιια
1187 1660 1283 1744 ἐφάνη
1305 1661 1313 1742 11
1335 1657 1404 1722 ούτε
1426 1659 1457 1723 ἐν
1480 1665 1523 1746 τῷ
1546 1662 1638 1746 πλοίῳ
1664 1664 1667 1742 1
1691 1663 1806 1749 νύκτωρ
1831 1665 1888 1746 μὲν
1917 1667 1987 1752 duat,

309 1764 381 1846 τος1
406 1763 522 1846 νύκτωρ
545 1761 580 1821 δὲ
601 1758 795 1841 ἐντιθεμένων.
829 1796 866 1807 -—
900 1759 1086 1822 Accuratae
1114 1766 1226 1821 autem
1256 1757 1486 1822 concinnitatis
1516 1763 1700 1842 exemplum
1723 1769 1773 1826 est
1795 1761 1839 1843 V,
1860 1765 1914 1827 46:
1947 1788 1987 1828 κα

308 1863 345 1926 ἂν
367 1865 448 1944 ὑμεῖς
471 1860 575 1944 opat<
593 1865 687 1941 γνῶτε
710 1863 712 1940 1
739 1859 813 1921 κατὰ
842 1861 926 1922 τούτο
948 1859 1080 1934 σιύζομαι
1101 1860 1110 1940 11
1132 1852 1205 1920 καθ’
1227 1858 1270 1919 ὅτι
1292 1852 1327 1920 d'
1349 1856 1385 1920 ιλν
1407 1854 1561 1942 decollare
1583 1857 1731 1944 τάληθοῦς
1751 1864 1754 1942 1
1779 1861 1854 1923 κατὰ
1887 1867 1971 1926 τοῦτο

308 1963 410 2043 λομαιι
434 1959 595 2022 enuntiati
616 1968 727 2043 partes
748 1960 835 2022 inter
857 1981 892 2023 se
907 1958 1080 2042 oppositae
1092 1946 1169 2022 sunt
1190 1978 1276 2038 quae
1300 1956 1447 2040 ejusdem
1470 1957 1615 2024 ambitus
1638 1959 1812 2042 exitusque
1835 1972 1922 2043 sunt,
1945 1973 1978 2026 θῖ

309 2060 528 2123 membrorum
558 2059 637 2123 ordo
667 2058 861 2124 observatus
892 2067 951 2122 est.
983 2095 1023 2104 -
1056 2057 1173 2140 Longe
1204 2057 1345 2138 plurima
1375 2066 1487 2119 autem
1515 2058 1761 2122 enuntiatorum
1785 2061 1987 2144 Antiphontc

308 2160 492 2224 consistunt
514 2182 554 2222 ex
577 2157 709 2223 duobus
731 2159 885 2221 membris
907 2157 1074 2239 amplioris
1098 2154 1253 2234 ambitus,
1274 2176 1360 2236 quae
1384 2162 1441 2218 aut
1462 2156 1534 2239 pari
1556 2158 1628 2222 loco
1649 2157 1760 2239 posita
1783 2168 1859 2222 sunt
1875 2169 1932 2223 aut
1947 2183 1987 2244 qu

307 2261 447 2321 alterum
470 2258 564 2320 alteri
593 2257 805 2339 subjunctum
829 2264 894 2319 est:
928 2254 973 2335 V,
996 2257 1022 2318 1.
1053 2253 1104 2316 IV
1123 2254 1148 2335 ,d
1169 2257 1185 2317 1
1210 2257 1250 2318 al.
1292 2254 1368 2316 Alia
1396 2253 1495 2338 hujus
1525 2255 1572 2318 rei
1595 2260 1744 2338 exempla
1764 2260 1831 2340 jam
1855 2282 1987 2342 supraa

305 2380 394 2435 mus;
417 2357 455 2418 cf.
478 2355 522 2435 V,
545 2359 572 2420 5.
598 2354 642 2435 V,
665 2355 713 2418 92.
736 2357 783 2419 94.
816 2353 880 2432 VI,
901 2355 950 2417 31.
988 2352 1113 2432 11γ3.
1144 2352 1201 2416 III
1220 2353 1244 2432 β
1265 2356 1292 2418 7.
1321 2352 1379 2415 III
1402 2376 1421 2433 γ
1441 2356 1467 2418 1.
1497 2352 1550 2416 IV
1570 2353 1594 2434 β
1616 2355 1643 2420 8.
1674 2355 1739 2435 γῖ,
1762 2357 1780 2417 3
1804 2359 1842 2419 al.
1876 2355 1944 2422 Sed
1960 2359 1987 2420 d.

306 2479 341 2518 re
364 2455 458 2532 satis3
480 2477 556 2517 nam
579 2454 747 2517 sufficiunt
769 2454 850 2518 haec
871 2477 978 2538 pauca
1000 2475 1084 2536 quae
1108 2452 1289 2532 attulimus,
1312 2461 1348 2514 ut
1371 2452 1450 2516 artis
1465 2452 1714 2537 Antiphonteae
1731 2456 1975 2520 enuntiatorum

304 2551 531 2636 ponendorum
553 2552 729 2637 imaginem
751 2553 952 2638 cogitatione
973 2553 1146 2638 fingamus.

457 2653 506 2718 Ut
529 2652 638 2716 omnia
659 2674 745 2735 quae
771 2651 835 2716 huc
864 2676 970 2736 usque
1003 2653 1244 2736 disputavimus
1276 2650 1422 2714 breviter
1454 2672 1699 2731 enumeremus,
1731 2650 1987 2716 verisimillimus

303 2753 558 2838 Antiphontem,
581 2773 678 2835 quem
702 2749 765 2815 sibi
787 2751 1018 2835 conscripsisse
1040 2750 1121 2813 talia
1137 2749 1258 2832 quibus
1281 2750 1323 2813 ad
1352 2751 1498 2836 singulas
1516 2771 1633 2814 causas
1648 2757 1797 2813 uteretur
1812 2773 1852 2812 ex
1867 2750 1947 2815 locis
1963 2775 1987 2815 or

303 2876 382 2916 num
404 2852 437 2915 V
456 2861 489 2916 et
511 2850 566 2915 Vl
588 2851 674 2915 inter
696 2872 730 2915 se
754 2840 1012 2936 congruentibus
1035 2849 1212 2934 colligitur,
1233 2843 1428 2934 tetralogias
1459 2849 1683 2932 composuisse
1705 2857 1742 2912 ut
1764 2848 1798 2912 in
1820 2857 1889 2912 arte
1911 2873 1971 2914 sua

304 2960 447 3029 ceretur3
474 2939 581 3032 neque
604 2949 737 3013 civitio
761 2959 811 3014 est
833 2949 1028 3013 vertendum
1049 2948 1140 3032 quod
1162 2948 1196 3009 in
1221 2951 1402 3035 tetralogiis
1432 2949 1484 3012 hic
1506 2949 1572 3011 illic
1594 2948 1628 3010 in
1651 2950 1856 3033 argumentis
1877 2949 1987 3013 inveni

304 3058 337 3110 et
359 3049 456 3112 rebus
478 3047 708 3132 excogitandis
730 3048 951 3130 sophistarum
974 3068 1098 3110 morem
1119 3047 1269 3112 imitatus
1292 3057 1352 3129 est,
1374 3071 1440 3132 qua
1462 3050 1496 3111 in
1518 3071 1552 3111 re
1568 3050 1755 3131 a’equalium
1767 3049 1894 3132 judicio
1911 3047 1987 3112 obte

300 3167 389 3212 rasse
411 3146 550 3212 videtur.
592 3145 734 3210 Etcum
766 3155 952 3229 temporum
985 3145 1112 3210 ratione
1143 3145 1258 3210 habita
1289 3149 1375 3210 inter
1404 3146 1550 3232 singulas
1578 3147 1742 3211 orationes
1765 3170 1851 3230 quae
1874 3148 1916 3210 ad
1937 3171 1987 3211 nor

300 3255 442 3310 aetatem
464 3255 685 3330 pervenerunt
708 3245 844 3329 aliquod
870 3246 1029 3329 temporis
1062 3245 1205 3328 spatium
1233 3268 1305 3309 esse
1326 3235 1559 3330 interpositum
1581 3254 1754 3329 appareat,
1775 3246 1984 3330 tetralogias,

300 3345 342 3409 de
364 3345 568 3429 temporibus
589 3345 711 3429 quibus
725 3355 911 3428 ¹conceptae
934 3345 1088 3408 videntur
1110 3366 1181 3408 esse
1203 3344 1283 3408 certi
1306 3345 1388 3427 quid
1410 3367 1476 3408 non
1497 3352 1609 3428 potest
1632 3343 1802 3424 constitui,
1823 3344 1937 3427 primis
1952 3353 1986 3407 te

298 3443 390 3509 ribus
413 3442 538 3527 quibus
561 3444 771 3527 eloquentiae
794 3442 952 3508 studebat
973 3441 1166 3508 tribuendas
1190 3465 1260 3509 esse
1282 3466 1323 3508 ex
1345 3465 1457 3508 earum
1481 3452 1600 3507 natura
1627 3441 1888 3526 conditioneque
1904 3443 1987 3528 collig

298 3543 453 3626 Denique
476 3542 518 3607 de
540 3565 660 3627 genere
682 3542 815 3606 dicendi
836 3565 902 3606 non
925 3564 1079 3628 magnum
1101 3541 1276 3608 discrimen
1297 3543 1383 3606 inter
1406 3544 1561 3629 singulas
1576 3542 1741 3606 orationes
1762 3541 1977 3623 intercedere,

299 3664 347 3722 ea,
368 3643 490 3726 quibus
513 3663 571 3706 eae
593 3643 680 3706 inter
701 3665 736 3708 se
758 3642 926 3723 differunt,
948 3650 1134 3725 temporum
1155 3641 1283 3706 ratione
1306 3643 1526 3726 explicentur,
1555 3641 1744 3725 reperimus.
1788 3637 1884 3720 Quae
1913 3664 1987 3705 omn

298 3741 501 3825 respicimus,
523 3764 622 3830 causa
644 3765 709 3806 non
732 3751 782 3808 est
805 3765 861 3806 cur
883 3763 938 3808 eas
961 3739 1002 3804 ab
1018 3740 1422 3825 Antiphontisscribendi
1444 3741 1571 3806 ratione
1593 3740 1767 3804 abhorrere
1791 3738 1987 3804 contendam
