4120 5526
1229 312 1247 372 7

1159 397 1310 406 ———

342 548 430 589 mum
451 524 504 588 sit.
547 521 638 585 Nam
659 528 788 584 sextam
810 517 993 581 orationem
1015 536 1089 576 non·
1103 511 1211 576 eidem
1234 510 1338 572 aetati
1365 531 1437 574 esse
1464 507 1676 572 tribuendam
1710 530 1749 571 ea
1783 530 1823 571 ex
1857 529 1891 570 re
1923 508 1989 570 inte

341 623 431 706 quod
453 623 554 686 etiam
575 619 743 697 nonnulla,
765 615 905 698 quaein
928 613 1046 696 quinta
1068 611 1216 674 oratione
1239 607 1378 672 oratoris
1400 608 1533 691 propria
1554 607 1786 687 inveniuntur,
1816 615 1874 670 aut
1902 607 1989 669 rariu

339 709 420 808 pata
442 729 501 788 aut
522 739 656 803 prorsus
679 717 802 778 evitata
825 723 919 789 sunt3
942 712 984 774 de
1007 733 1073 794 qua
1094 732 1129 772 re
1150 707 1235 771 infra
1253 708 1438 778 uideamus.
1481 705 1557 770 Hoc
1580 713 1692 769 autem
1715 713 1862 786 constat,
1888 705 1991 788 Antip

341 844 381 885 ex
403 843 442 884 eo
464 828 614 900 ternpore
635 838 700 898 quo
724 813 891 896 quintam,
924 819 957 874 et
991 833 1030 873 eo
1053 831 1120 892 quo
1143 819 1271 872 sextam
1293 807 1475 869 orationem
1498 805 1668 888 concepit,
1700 805 1734 867 in
1763 803 1899 890 fastigio
1923 808 1992 885 eloq

340 921 453 984 firisse.
485 915 606 997 Neque
627 915 730 1000 igitur
751 911 939 975 mirandum
962 909 1068 972 estin
1091 907 1138 972 eis
1161 905 1377 984 orationibus,
1400 926 1483 987 quas
1502 905 1572 987 ejus
1596 905 1698 968 aetati
1716 906 1786 987 jam
1807 912 1984 988 provectae

341 1040 416 1082 mus
438 1037 571 1080 necesse
594 1023 653 1094 est,
674 1013 780 1097 magis
801 1012 901 1091 illam,
923 1031 1023 1092 quam
1039 1014 1168 1071 veteres
1190 1005 1225 1068 in
1240 1027 1279 1068 eo
1305 1004 1526 1066 laudaverunt
1548 1003 1746 1087 gravitatem
1763 1013 1796 1067 et
1812 1003 1913 1066 animi
1928 1025 1994 1084 aeqv

343 1117 431 1182 cerni
453 1137 552 1198 quam
574 1119 607 1177 in
630 1115 678 1178 cis
700 1134 786 1195 quae
808 1112 1038 1194 injuventute
1061 1113 1241 1189 conceptae
1264 1103 1437 1180 videntur3
1474 1123 1582 1184 neque
1605 1102 1827 1165 omittendum
1851 1113 1916 1182 est,
1946 1102 1987 1165 de

343 1215 491 1279 Blassius
513 1213 545 1276 in
568 1213 652 1276 libro
675 1233 774 1293 quem
802 1209 934 1293 scripsit
962 1208 1004 1271 de
1026 1207 1217 1271 Atticorum
1251 1203 1441 1285 eloquentia
1473 1202 1618 1282 monuit,
1651 1202 1833 1266 orationem
1866 1211 1995 1266 sextam

344 1337 442 1399 quam
464 1313 609 1394 reliquas
631 1310 674 1374 ad
697 1331 903 1373 communem
927 1306 1060 1370 dicendi
1081 1328 1180 1370 usum
1201 1302 1392 1366 Atticorum
1414 1300 1678 1383 appropinquare
1706 1309 1739 1364 et
1762 1303 1867 1363 multa
1884 1303 1954 1384 jam
1976 1325 1996 1385 p

342 1435 428 1496 quae
450 1412 540 1495 apud
563 1431 618 1475 eos
641 1411 699 1493 qui
722 1408 827 1472 secuti
850 1415 927 1470 sunt
951 1414 1099 1469 oratores
1121 1403 1344 1488 reperiuntur..
1382 1398 1491 1462 Nemo
1514 1407 1625 1462 autem
1647 1401 1820 1484 negaverit
1837 1421 1891 1464 eas
1908 1405 1993 1463 orati

342 1534 426 1596 quas
447 1510 696 1594 tetralogiarum
719 1508 851 1568 nomine
873 1505 1121 1588 complectimur
1143 1499 1304 1586 superiori
1327 1497 1429 1560 aetati
1461 1499 1600 1562 oratoris
1630 1521 1701 1563 esse
1731 1498 1944 1581 tribuendas,
1977 1504 1999 1565 si

342 1609 516 1674 exercendi
549 1631 647 1672 causa
680 1607 722 1670 ab
756 1627 794 1668 eo
827 1605 966 1687 scriptas
989 1625 1060 1668 esse
1083 1601 1262 1685 accipimus
1285 1599 1354 1662 sive
1375 1605 1414 1659 ut
1435 1598 1469 1660 in
1491 1597 1681 1661 erudiendis
1710 1596 1881 1681 discipulis
1904 1600 1951 1664 eis
1974 1623 1999 1662 u

344 1707 446 1788 Quod
468 1709 495 1770 si
519 1715 607 1769 recte
630 1728 665 1769 se
688 1703 800 1784 habet,
822 1703 903 1765 nihil
927 1702 1059 1768 obstare
1081 1701 1225 1781 videtur,
1247 1697 1424 1780 quominus
1447 1718 1502 1759 eas
1517 1696 1765 1779 Antiphonteas
1788 1719 1860 1762 esse
1884 1709 2001 1763 conten

342 1806 432 1869 Nam
454 1806 482 1869 si
504 1827 592 1883 vere,
612 1804 648 1866 id
670 1803 762 1886 quod
783 1803 863 1865 mihi
886 1801 1045 1886 persuasi,
1067 1809 1156 1863 recte
1179 1822 1213 1863 se
1235 1796 1369 1876 habere,
1388 1796 1582 1880 tetralogias
1605 1797 1675 1880 ejus
1692 1798 1862 1879 juventuti
1878 1801 1930 1860 vel
1948 1799 2002 1862 eit

341 1928 408 1986 quo
431 1903 580 1966 nondum
603 1902 645 1965 ad
669 1925 829 1966 summam
852 1903 1070 1984 eloquentiam
1092 1904 1288 1983 pervenerat
1310 1895 1504 1958 tribuendas
1527 1916 1598 1958 esse
1624 1916 1811 1975 censemus,
1843 1895 2003 1960 discrime]

342 2000 434 2082 quod
456 2001 544 2064 inter
566 2000 597 2063 V
622 2009 655 2064 et
678 2001 729 2063 VI
753 2002 936 2065 orationem
960 2008 992 2063 et
1014 2001 1100 2062 inter
1122 1997 1317 2081 tetralogias
1334 2015 1404 2058 esse
1427 1993 1577 2057 videmus
1599 1995 1656 2056 vix
1678 1993 1885 2059 difficultatis
1908 1997 2004 2078 quid}

341 2099 489 2179 videtur,
519 2099 545 2163 si
576 2099 711 2182 quidem
741 2103 828 2162 inter
846 2101 1004 2182 juvenem
1028 2107 1061 2160 et
1084 2118 1195 2161 senem
1218 2095 1394 2160 discrimen
1417 2115 1488 2158 esse
1511 2094 1739 2175 concedimus,
1769 2117 2005 2178 quamquama

341 2197 430 2261 docti
453 2220 518 2260 non
540 2207 671 2261 tantum
694 2198 850 2261 essehoc
873 2195 1049 2260 discrimen
1072 2195 1288 2276 contendunt,
1310 2203 1347 2258 ut
1370 2194 1498 2277 spurias
1521 2215 1592 2258 esse
1613 2195 1807 2280 tetralogias
1823 2196 2006 2261 existimare

339 2319 413 2360 mur
436 2297 491 2379 (cf.
515 2300 654 2378 exempl.
677 2297 786 2380 gratia
809 2293 979 2379 Spengclii
1002 2292 1103 2356 verba
1125 2293 1159 2355 in
1180 2293 1294 2358 Musei
1316 2293 1379 2358 Rh.
1402 2297 1523 2355 volum.
1546 2292 1657 2356 XVII
1678 2316 1709 2376 p.
1727 2297 1811 2378 170).
1854 2292 1923 2360 Sed
1951 2297 2007 2360 de³

339 2404 466 2479 postca.
489 2433 530 2440 -
550 2395 662 2457 Aliter
683 2392 825 2458 seribere
848 2394 992 2475 aliquem
1016 2400 1146 2455 constat
1165 2393 1333 2475 juvenem,
1355 2393 1451 2455 aliter
1466 2414 1588 2472 senem,
1610 2396 1705 2455 aliter
1733 2415 1807 2456 eum
1830 2395 1886 2475 qui
1903 2395 1937 2457 in
1953 2389 2008 2458 exc

340 2502 412 2556 arte
435 2515 470 2557 se
493 2501 641 2573 exercet,
666 2493 763 2556 aliter
784 2515 859 2556 eum
882 2494 940 2575 qui
963 2491 1006 2553 ad
1029 2513 1189 2554 summum
1211 2492 1291 2556 artis
1313 2491 1485 2576 fastigium
1506 2491 1673 2573 pervenit3
1711 2499 1812 2574 atque
1840 2493 1876 2555 id
1904 2516 2010 2577 unusq

341 2590 501 2655 concedat
528 2613 661 2656 necesse
689 2600 761 2671 est,
797 2595 854 2654 vix
882 2590 1022 2653 dubium
1054 2612 1142 2669 esse,
1171 2590 1252 2672 quin
1273 2589 1465 2675 Antiphon,
1493 2591 1617 2673 quippe
1647 2591 1700 2652 oui
1721 2590 1938 2674 Thucydides
1968 2580 2010 2658 su

339 2691 472 2754 laudem
496 2690 704 2772 eloquentiae
727 2688 873 2769 tribuat,
902 2691 936 2750 in
959 2688 1030 2753 dies
1053 2698 1158 2751 artem
1180 2711 1273 2753 suam
1302 2690 1489 2753 accuratius
1518 2688 1688 2770 didicerit,
1724 2691 1771 2752 ita
1801 2698 1846 2758 nt,
1862 2693 1895 2755 in
1926 2693 2008 2754 orat'

338 2791 420 2874 ipsis
440 2790 651 2873 perspicitur,
673 2788 840 2871 quomodo
862 2789 896 2850 in
919 2798 990 2851 arte
1012 2811 1071 2854 sua
1093 2789 1268 2872 paullatim
1288 2809 1482 2874 progressus
1505 2788 1557 2852 sit.
1600 2787 1676 2850 Hac
1698 2787 1803 2872 igitur
1831 2790 1959 2852 ratione
1990 2813 2007 2853 e

339 2890 450 2974 gravis
472 2899 506 2952 et
527 2898 669 2968 austera,
692 2911 777 2970 quae
798 2887 976 2971 praecipue
997 2889 1032 2950 in
1054 2888 1240 2971 tetralogiis
1263 2889 1422 2967 cernitur,
1455 2886 1636 2950 offensione
1659 2894 1749 2949 caret
1771 2907 1880 2969 neque
1903 2889 1994 2952 minu

339 2987 414 3050 illae
435 2989 606 3070 poeticae,
642 3009 728 3069 quae
758 2987 884 3050 crimini
907 2987 936 3049 ei
960 3009 1054 3052 versa
1076 2995 1171 3066 sunt,
1201 2985 1355 3051 secundis
1378 2984 1513 3050 auribus
1538 2981 1643 3068 accipi
1671 2993 1832 3068 possunt3
1875 2986 1910 3048 in
1947 3008 1992 3068 qu

340 3084 539 3168 Thucydide
562 3109 636 3150 eum
658 3084 755 3148 valde
778 3086 925 3170 superari
958 3086 1030 3170 ipse
1059 3085 1191 3150 ostendi
1220 3087 1254 3147 in
1285 3084 1519 3148 dissertatione
1552 3107 1624 3147 mea
1655 3085 1841 3170 inaugurali
1882 3107 1967 3168 quae
2013 3163 2014 3170 ἶ

341 3203 440 3265 quam
463 3183 505 3247 de
527 3184 735 3270 Thucydidis
758 3193 790 3248 ct
813 3183 1033 3269 Antiphontis
1056 3208 1176 3270 genere
1199 3183 1330 3248 dicendi
1360 3183 1474 3266 scripsi
1499 3182 1689 3268 (Marburgi
1713 3180 1889 3246 Cattorum
1912 3184 2014 3269 1875).

341 3281 388 3345 eis
410 3303 544 3365 quoque
566 3283 628 3347 hoc
651 3284 749 3347 modo
773 3284 973 3348 satisfecisse
995 3284 1076 3346 mihi
1098 3283 1224 3363 videor,
1246 3283 1304 3364 qui
1326 3283 1520 3367 tetralogias
1543 3282 1801 3346 declamationes
1823 3282 1990 3363 „infirmas

340 3379 447 3444 tirone
470 3381 610 3465 dignas“
633 3405 704 3447 esse
726 3383 860 3449 habent.
890 3383 980 3446 Nam
1001 3385 1029 3447 is
1052 3385 1108 3465 qui
1131 3382 1329 3447 rudimentis
1352 3383 1432 3446 artis
1448 3383 1586 3465 alicujus
1600 3381 1749 3446 imbutus
1766 3390 1828 3463 est,
1849 3383 1997 3445 nondum

340 3480 507 3564 elegantia
529 3489 562 3542 et
584 3481 787 3564 praestantia
811 3482 918 3544 utitur
938 3502 1039 3565 quam
1068 3483 1126 3564 qui
1155 3504 1214 3566 per
1246 3490 1353 3545 totam
1385 3481 1489 3544 vitam
1522 3481 1699 3545 discendae
1731 3483 1802 3565 ejus
1835 3483 1955 3547 rationi
1989 3497 2013 3546 el

341 3600 474 3661 operam
496 3579 641 3646 navavit.

493 3677 563 3746 Sed
590 3702 631 3743 ne
660 3679 722 3744 hoc
756 3681 965 3761 omittamus,
995 3681 1082 3745 duae
1111 3687 1242 3743 tantum
1265 3682 1430 3746 orationes
1453 3704 1493 3745 ex
1516 3703 1589 3745 mea
1611 3681 1746 3765 quidem
1769 3681 1935 3746 sententia
1957 3684 2013 3746 vix

341 3776 449 3841 lacere
470 3780 626 3844 videntur
649 3803 690 3844 ex
712 3779 834 3864 quibus
857 3781 899 3844 de
922 3781 994 3845 aliis
1012 3781 1177 3865 judicium
1198 3780 1258 3843 fiat
1279 3789 1390 3844 utrum
1414 3781 1544 3865 spuriae
1567 3781 1633 3845 sint
1654 3779 1827 3843 habendae
1850 3803 1963 3861 necne,
1985 3804 2013 3865 pr

341 3872 402 3936 tim
427 3897 500 3939 cum
523 3887 556 3942 et
580 3903 620 3944 ex
642 3887 739 3944 tanto
761 3902 898 3944 numero
921 3881 1108 3944 orationum
1131 3901 1214 3962 quas
1229 3879 1403 3963 Antiphon
1419 3879 1589 3963 scripsisse
1604 3876 1799 3963 perhibetur
1813 3880 1911 3963 pauci
1927 3881 1971 3944 ad
1985 3904 2013 3943 n<

342 3980 485 4035 aetatem
506 3988 725 4057 pervenerunt
748 3988 781 4044 et
804 3980 846 4042 de
868 3989 962 4044 sexta
985 3979 1133 4044 oratione
1155 3979 1229 4063 ipsa
1251 3979 1418 4044 dubitatio
1441 3979 1563 4043 existat
1585 3986 1696 4042 utrum
1711 3977 1932 4062 Antiphontis
1955 3980 1998 4042 sit

341 4069 526 4135 Rhetorum
548 4084 659 4140 autem
681 4087 715 4142 et
737 4078 935 4160 criticorum,
958 4087 996 4141 ut
1018 4079 1066 4142 ita
1088 4077 1207 4158 dicam,
1224 4079 1388 4163 judicium
1410 4079 1443 4142 in
1459 4078 1520 4141 hac
1536 4077 1732 4161 quaestione
1747 4077 1804 4141 vix
1820 4078 1959 4163 alicujus
1974 4101 2012 4141 m«

340 4180 569 4254 potestesse,
602 4196 676 4237 cum
704 4185 833 4242 constet
865 4177 1051 4241 orationum
1071 4177 1376 4261 Antiphontearum
1403 4187 1538 4262 propter
1558 4180 1743 4261 praeclaros
1766 4198 1822 4242 eos
1845 4177 1903 4260 qui
1927 4199 2002 4240 eum

341 4279 418 4332 sunt
441 4280 588 4337 oratores
611 4273 668 4354 qui
692 4275 837 4337 omnium
858 4276 894 4338 in
916 4297 951 4341 se
973 4285 1143 4340 verterunt
1165 4275 1292 4339 animos
1313 4276 1475 4341 rationem
1497 4299 1563 4341 non
1585 4298 1657 4341 esse
1679 4274 1845 4354 habitam;
1868 4297 1935 4359 qua
1957 4287 2012 4340 rel

342 4375 402 4448 est,
423 4377 461 4432 ut
482 4370 550 4434 fere
574 4393 687 4436 omnes
708 4373 873 4455 perirent3
913 4383 947 4437 et
976 4396 1018 4438 ne
1048 4397 1106 4438 eae
1131 4374 1268 4456 quidem
1290 4396 1376 4458 quae
1398 4375 1442 4439 ad
1463 4399 1523 4441 nos
1544 4384 1765 4459 pervenerunt
1787 4378 1938 4461 integrae
1959 4375 2012 4440 hal

341 4474 433 4548 sunt,
466 4471 560 4553 cujus
592 4469 640 4534 rei
672 4471 900 4535 testimonium
926 4473 961 4534 in
990 4495 1028 4537 eo
1057 4473 1204 4556 positum
1230 4482 1296 4554 est,
1323 4475 1415 4557 quod
1437 4475 1595 4540 orationis
1617 4472 1671 4537 VI
1693 4475 1845 4559 epilogus
1867 4474 2012 4538 desidera

339 4566 459 4630 tertiae
480 4571 676 4655 tetralogiae
699 4569 851 4655 epilogus
873 4592 1008 4654 prorsus
1029 4594 1095 4634 non
1118 4594 1192 4636 cum
1215 4595 1254 4636 ea
1276 4594 1456 4660 congruere
1471 4574 1621 4653 videtur3
1644 4573 1703 4639 sed
1719 4573 1838 4638 dehac
1854 4575 2011 4656 quaestio:

339 4673 489 4751 tempore
511 4667 750 4752 disputandum
778 4671 850 4733 erit.
895 4665 946 4733 Cf.
970 4667 1141 4756 Spengelii
1169 4672 1210 4736 de
1239 4672 1301 4737 hac
1329 4696 1363 4738 re
1392 4673 1492 4738 verba
1513 4675 1603 4740 Mus.
1626 4673 1732 4738 Rhcn.
1755 4695 1860 4737 novae
1884 4672 2011 4738 sericis

341 4787 414 4829 ann.
439 4768 528 4834 1862.
551 4790 626 4853 pag.
644 4771 793 4836 lto-71.
816 4807 856 4818 —
877 4769 993 4854 Atque
1015 4777 1054 4835 ut
1075 4769 1138 4834 hoc
1160 4773 1380 4861 attingamus,
1420 4796 1495 4839 eum
1517 4775 1575 4858 qni
1597 4774 1792 4859 tetralogias
1820 4771 1986 4858 scripserit

341 4864 520 4933 forensium
534 4869 725 4934 Atticarum
744 4871 981 4954 peritissimum
1002 4872 1104 4938 firisse
1126 4882 1264 4957 apparet
1287 4895 1327 4938 ex
1348 4881 1421 4936 tota
1442 4873 1693 4958 tetralogiarum
1714 4881 1834 4937 natura
1856 4881 1889 4936 et
1912 4871 2011 4936 institi

342 4963 466 5048 quippe
487 4967 610 5050 quibus
632 4971 737 5032 multa
758 4969 915 5036 discimus
939 4992 1025 5054 quae
1048 4973 1091 5036 ad
1113 4993 1230 5040 causas
1251 4971 1402 5057 publicas
1424 4974 1600 5057 pertinent.
1645 4972 1766 5054 Itaque
1797 4972 1824 5038 si
1853 4973 1932 5034 licet
1953 4971 2001 5035 eis
