4120 5526
842 282 860 342 6

9 484 168 568 tiphontis
190 482 396 567 temporibus
417 481 560 546 Athenis
583 503 703 566 magna
724 481 814 564 apud
837 504 950 547 omnes
972 484 1075 549 fuisse
1097 483 1315 560 auctoritate3
1354 492 1387 546 et
1415 505 1529 546 eorum
1559 483 1743 548 eruditione

9 582 215 646 institutione
237 581 391 646 Atticum
411 580 494 646 illud
517 603 656 644 acumen
676 602 727 643 res
749 580 926 644 dirimendi
948 591 981 645 et
1002 583 1090 645 inter
1112 603 1147 646 se
1169 578 1370 664 opponendi,
1393 581 1434 644 de
1462 603 1529 664 qno
1546 579 1743 646 O.Muelle-

25 683 58 743 in
81 680 158 745 hist.
181 681 280 744 litter.
294 680 428 764 ¹optime
451 680 624 759 disseruit,
653 702 853 764 magnopere
882 681 1015 745 videtur
1044 685 1214 746 excultum
1243 703 1323 746 esse.
1377 681 1417 744 In
1439 681 1603 765 ejusmodi
1629 689 1742 744 antem

9 779 247 863 putationibus,
269 778 391 862 quibus
413 786 608 864 argumenta
630 779 665 848 ἐξ
685 779 807 841 εἰκότων
828 779 981 844 desumta
1002 783 1180 865 praecipue
1203 781 1382 864 premenda
1405 789 1509 860 erant,
1532 780 1685 843 diremtio
1708 788 1742 844 et

11 879 125 942 ionum
148 887 182 941 et
205 878 446 964 cogitationum
470 885 503 940 et
531 877 697 961 oppositio
730 879 935 963 singulorum
968 883 1132 945 enuntiati
1167 882 1388 946 membrorum
1419 883 1454 943 in
1487 881 1601 965 primis
1633 884 1742 944 locum

9 978 108 1058 tebet,
128 978 323 1062 praesertim
345 999 419 1040 oum
441 976 580 1041 oratoris
603 978 744 1040 maxime
767 977 953 1059 interesset,
976 989 1014 1043 nt
1036 1003 1122 1063 quae
1146 981 1187 1044 ab
1211 980 1399 1044 adversario
1421 983 1552 1064 prolata
1574 989 1668 1042 erant
1690 1001 1740 1042 ar-

10 1085 110 1139 nenta
143 1078 191 1140 eis
224 1084 406 1159 opponeret
436 1098 522 1158 quae
545 1098 586 1139 ex
616 1099 676 1140 sua
705 1077 810 1160 ipsius
839 1079 1128 1161 argumentatione
1156 1079 1352 1157 evaderent;
1389 1079 1504 1161 itaque
1536 1078 1636 1141 modo
1666 1099 1743 1141 vera

9 1177 41 1240 tis
64 1175 328 1259 opponebantur,
350 1175 449 1248 modo
473 1176 611 1262 singulis
634 1176 681 1240 eis
703 1177 866 1260 partibus,
888 1199 971 1260 quas
994 1199 1034 1240 ex
1057 1177 1239 1242 adversarii
1261 1179 1409 1240 oratione
1424 1178 1452 1242 is
1469 1177 1527 1259 qui
1542 1176 1744 1259 loquebatur

9 1276 123 1356 umsit,
146 1298 184 1338 ea
207 1274 463 1359 respondebant,
485 1297 570 1357 quae
585 1276 677 1338 irrita
692 1275 869 1340 redderent
885 1275 1065 1340 adversarii
1081 1276 1193 1358 verba,
1213 1278 1304 1339 talia.
1337 1278 1451 1358 Atque
1467 1275 1598 1346 illorum
1613 1283 1743 1356 tempo-

9 1397 21 1434 1
45 1374 321 1442 consuetudinem
343 1374 503 1456 loquendi
526 1396 598 1437 eam
621 1376 862 1459 cogitationum
885 1374 1114 1438 diremtionem
1137 1383 1169 1438 et
1199 1375 1460 1459 oppositionem,
1489 1385 1526 1436 nt
1555 1374 1604 1436 ita
1634 1373 1744 1436 dicere

9 1480 65 1553 tat,
98 1493 241 1552 amasse,
274 1473 376 1534 etiam
404 1471 509 1557 magis
538 1473 738 1556 perspicitur
769 1495 810 1535 ex
835 1471 1042 1556 Thucydidis
1072 1475 1114 1538 de
1142 1474 1228 1538 bello
1250 1475 1534 1557 Peloponnesiaco
1566 1472 1674 1553 libris,
1710 1473 1745 1534 in

11 1571 74 1635 bus
99 1594 166 1634 non
189 1574 296 1636 solum
318 1573 485 1655 oppositio
508 1573 712 1656 singularum
733 1595 852 1635 vocum
875 1571 1098 1654 sophistarum
1121 1573 1228 1656 (velut
1249 1573 1401 1653 Prodici,
1431 1575 1489 1655 qni
1511 1571 1622 1636 verbis
1647 1593 1745 1655 syno-

9 1671 59 1734 nis
81 1692 167 1752 quae
189 1678 350 1733 vocantur
373 1679 526 1732 accurate
549 1670 746 1734 definiendis
774 1672 949 1734 maximam
977 1694 1116 1736 navasse
1150 1677 1285 1756 operam
1317 1673 1456 1754 dicitur)
1491 1694 1579 1735 more
1612 1671 1746 1735 dicendi

9 1777 39 1832 ta
73 1769 291 1832 animadverti
322 1778 449 1852 potest,
482 1768 541 1833 sed
575 1769 675 1832 etiam
705 1770 909 1855 singularum
937 1772 1184 1836 enuntiatorum
1211 1773 1376 1855 partium,
1405 1794 1479 1834 cum
1507 1781 1622 1835 auctor
1643 1769 1743 1832 modo

8 1891 59 1933 res
83 1869 256 1931 civitatum
280 1876 458 1951 comparet,
480 1868 579 1931 modo
601 1870 768 1933 fortunam
791 1878 824 1932 et
847 1891 925 1952 opes
947 1872 1157 1954 populorum,
1180 1872 1238 1954 qui
1258 1871 1381 1935 bellum
1396 1880 1525 1956 gerant,
1548 1869 1748 1949 consideret,

8 1967 51 2030 do
73 1968 180 2032 socios
204 1991 317 2031 eorum
339 1976 508 2032 enumeret
531 1976 564 2030 et
587 1978 750 2051 opponat,
781 1970 854 2031 alia.
884 2007 925 2014 -
958 1967 1035 2048 Qua
1057 1970 1091 2032 in
1114 1992 1148 2032 re
1172 1970 1405 2054 Thucydidem
1427 1993 1494 2033 non
1516 1970 1623 2032 minus
1647 1990 1747 2050 quam

9 2067 197 2150 tiphontem
219 2076 405 2150 temporum
428 2068 662 2134 consuetudini
692 2068 864 2132 cedentem
893 2069 1061 2132 interdum
1094 2072 1235 2134 molesta
1268 2069 1434 2153 elegantia
1466 2077 1499 2131 et
1536 2067 1748 2132 affectatione

9 2189 49 2228 rm
78 2189 149 2230 esse
177 2169 248 2251 jam
277 2175 406 2240 veteres
434 2167 731 2252 reprehenderunt,
760 2190 962 2251 quamquam
984 2172 1179 2252 plerumque
1202 2173 1273 2252 ejus
1296 2169 1429 2234 dicendi
1451 2192 1522 2233 mos
1546 2178 1579 2231 et
1600 2189 1681 2231 usus
1704 2166 1747 2228 ad

9 2289 50 2327 tm
74 2274 175 2348 atque
197 2288 257 2348 par
279 2274 350 2328 erat
372 2289 520 2329 normam
542 2266 755 2348 referebatur,
777 2264 879 2350 idque
900 2270 1042 2340 maxime
1065 2293 1084 2335 a
1105 2269 1294 2334 rhetoribus
1316 2267 1536 2351 posteriorum
1551 2277 1747 2348 temporum,

9 2374 44 2428 ut
67 2387 86 2426 a
108 2364 272 2448 Dionysio
294 2364 593 2446 Halicarnassensi,
620 2367 677 2448 qni
700 2389 741 2429 ex
763 2368 891 2430 ratione
914 2368 1078 2433 rhetorica
1102 2371 1172 2452 ejus
1194 2368 1296 2432 libros
1318 2367 1485 2431 tractavit.
1528 2364 1747 2448 Antiphontis

9 2486 66 2526 >em
87 2465 115 2528 is
138 2463 269 2528 dixerat
291 2487 357 2527 non
379 2486 537 2548 magnum
558 2465 660 2530 fuisse
682 2465 860 2548 ingenium.

106 2562 228 2644 ltaque
251 2562 342 2646 quod
363 2563 397 2625 in
420 2563 606 2648 tetralogiis
628 2563 734 2626 forma
755 2564 811 2626 illa
833 2566 1055 2649 symmetrica,
1076 2577 1115 2629 nt
1135 2566 1184 2628 ita
1206 2564 1326 2645 dicam,
1354 2564 1615 2646 compositionis,
1648 2585 1750 2646 quam

9 2685 31 2723 n
52 2661 252 2746 ‹lnrcxeene'vqn
274 2665 441 2746 appellare
463 2666 606 2726 solemus
630 2671 662 2725 et
683 2663 718 2725 in
741 2685 807 2745 qua
828 2667 1005 2748 praecipue
1022 2666 1174 2728 Atticum
1190 2687 1328 2728 acumen
1350 2665 1524 2728 notionum
1547 2661 1748 2732 dirimenda-

9 2749 26 2822 n
54 2762 270 2845 perspicitur,
303 2761 409 2845 magis
438 2783 538 2844 quam
564 2762 599 2824 in
628 2762 834 2826 orationibus
858 2765 975 2846 quinta
996 2773 1029 2828 et
1051 2773 1147 2830 sexta
1169 2773 1329 2847 usurpata
1351 2772 1418 2844 est,
1445 2764 1494 2826 ita
1515 2772 1553 2826 nt
1574 2763 1636 2825 hac
1657 2762 1691 2822 in
1713 2781 1747 2822 re

9 2868 64 2922 tor
86 2857 397 2923 modum‘videatur
419 2860 617 2936 excessisse,
648 2883 688 2923 ex
715 2861 778 2924 hoc
801 2861 953 2943 judicare
978 2885 1155 2947 possumus
1178 2871 1385 2946 quantopere
1408 2863 1485 2927 talis
1507 2859 1640 2926 dicendi
1661 2858 1746 2921 ratio

9 2961 144 3022 ticornm
171 2958 305 3044 ingenio
337 2959 554 3043 responderit.
604 2959 649 3022 Et
675 2961 835 3025 cumillis
858 2961 979 3044 quibus
1001 2963 1177 3046 Antiphon
1199 2961 1335 3048 vigebat
1356 2961 1562 3047 temporibus
1584 2959 1747 3042 sophista-

9 3059 160 3122 nstudia
182 3080 268 3120 nova
291 3070 417 3139 essent,
451 3081 517 3122 non
546 3059 666 3122 mirum
698 3082 758 3124 nos
788 3060 906 3142 habet,
940 3061 1032 3144 quod
1066 3070 1177 3126 orator
1208 3062 1249 3125 iis
1278 3062 1384 3147 magis
1406 3062 1440 3124 in
1464 3061 1510 3125 eis
1533 3057 1750 3136 orationibus,

9 3179 37 3220 as
58 3156 232 3220 exercendi
255 3179 354 3222 cansa
377 3157 508 3243 scripsit
531 3179 631 3239 quam
661 3157 694 3220 in
727 3158 774 3222 eis
814 3181 899 3241 quae
929 3161 1004 3224 nsni
1039 3160 1173 3244 publico
1203 3160 1392 3224 serviebant
1427 3181 1505 3224 usus
1533 3159 1585 3224 sit.
1629 3157 1751 3238 Neque

9 3279 55 3318 am
77 3255 273 3318 vertendum
297 3257 327 3319 ei
350 3264 399 3320 est
423 3257 565 3337 crimini,
599 3257 690 3340 quod
712 3259 810 3321 nimis
832 3258 886 3321 hic
917 3259 980 3323 sibi
1010 3259 1194 3324 indulserit.
1249 3259 1373 3327 Postea
1405 3280 1483 3322 sane
1521 3257 1582 3320 hoc
1616 3253 1750 3320 dicendi

9 3377 69 3434 rus,
91 3355 168 3424 λέξιν
190 3356 388 3440 ἀντικειμένην
411 3355 496 3436 dieo,
519 3365 667 3440 spretum
690 3366 830 3420 estnon
853 3358 961 3422 minus
985 3381 1086 3440 quam
1109 3355 1280 3443 Gorgiana
1302 3355 1460 3440 loquendi
1482 3355 1579 3435 ratio,
1602 3376 1687 3437 quae
1710 3361 1749 3416 ut

9 3454 49 3516 zio
73 3453 163 3536 apud
187 3476 300 3518 omnes
322 3455 357 3517 in
390 3477 510 3542 magna
541 3455 759 3519 admiratione
791 3457 839 3520 ita
872 3466 981 3521 aetate
1015 3480 1100 3541 quae
1129 3467 1244 3522 secuta
1267 3466 1316 3522 est
1339 3456 1483 3520 ludibrio
1507 3464 1539 3518 et
1562 3455 1642 3520 risui
1666 3460 1746 3516 erat.

9 3551 22 3614 1
44 3553 107 3616 hoc
129 3553 309 3618 mittamus.

107 3651 227 3716 Restat
249 3661 286 3714 ut
309 3653 534 3736 respiciamus,
557 3676 702 3736 quonam
724 3664 873 3740 tempore
895 3656 1116 3739 Antiphontis
1144 3679 1231 3739 quae
1254 3657 1296 3718 ad
1319 3664 1467 3720 nostram
1497 3661 1643 3718 aetatem
1673 3673 1746 3734 per-

9 3760 115 3816 rerunt
139 3751 305 3826 orationes
327 3752 505 3816 videantur
527 3753 730 3838 compositae
753 3777 843 3842 esse-3
867 3757 961 3839 cujus
983 3756 1030 3818 rei
1052 3755 1180 3818 ratione
1203 3753 1320 3818 habita
1342 3776 1475 3820 causam
1496 3761 1579 3837 puto
1602 3750 1748 3834 reperiri,

9 3873 12 3886 ·
44 3849 136 3931 qnod
170 3850 211 3913 ad
246 3850 379 3914 dicendi
412 3874 509 3916 usum
543 3854 665 3916 attinet
696 3854 784 3918 inter
814 3854 980 3918 orationes
1008 3855 1158 3936 quintam
1184 3863 1218 3918 et
1240 3861 1368 3918 sextam
1392 3862 1424 3916 et
1445 3851 1532 3914 inter
1554 3849 1748 3934 tetralogias

9 3949 131 4011 crimen
163 3948 356 4012 intercedat.
415 3950 469 4014 De
500 3966 648 4036 tempore
681 3976 748 4037 qno
782 3953 932 4035 quintam
961 3963 995 4016 et
1024 3963 1152 4017 sextam
1175 3953 1308 4016 habitas
1331 3975 1401 4016 esse
1424 3952 1614 4034 conjectura
1636 3955 1747 4032 potest

9 4049 65 4133 ligi
88 4049 212 4131 optime
235 4048 374 4114 Pahlius
396 4051 446 4113 vir
468 4051 680 4118 doctissimus
704 4056 984 4138 collegatnoster,
1014 4054 1108 4137 cujus
1134 4053 1176 4115 de
1198 4050 1402 4135 explicandis
1423 4048 1746 4132 interpretandisque

9 4147 173 4231 ,tiphontis
196 4149 401 4214 orationibus
424 4174 544 4237 magna
566 4161 644 4219 sunt
666 4153 795 4234 merita,
823 4154 981 4236 opusculo
1005 4151 1046 4213 de
1069 4173 1135 4233 quo
1154 4152 1224 4235 jam
1246 4151 1424 4232 aliquoties
1446 4149 1647 4220 mentionem
1668 4142 1746 4206 feci-

9 4269 39 4326 s,
61 4247 245 4329 disputavit
268 4248 351 4332 (pa
374 4258 407 4313 et
429 4273 461 4334 p.
478 4251 524 4334 8).
569 4249 730 4330 Quintam
752 4253 839 4315 enim
862 4251 1045 4314 orationem
1067 4260 1144 4334 post
1167 4272 1289 4316 annum
1310 4251 1372 4314 428
1393 4249 1543 4313 habitam
1566 4265 1637 4309 esse
1653 4263 1691 4305 ea
1707 4263 1748 4304 ex

11 4354 160 4429 apparet,
182 4347 273 4428 quod
295 4355 333 4410 ut
350 4349 421 4431 jam
443 4371 542 4434 supra
564 4350 708 4415 vidimus
730 4355 765 4433 ἓξ
781 4352 902 4415 76-79
925 4349 967 4413 de
988 4349 1271 4434 Mitylenaeorum
1292 4349 1490 4427 defectione,
1511 4365 1597 4428 quae
1613 4340 1749 4425 quidem

18 4468 103 4509 anno
126 4445 214 4509 facta
237 4454 298 4527 est,
321 4469 427 4512 sermo
449 4449 607 4528 infertur;
631 4450 814 4514 orationem
836 4459 964 4515 sextam
987 4451 1072 4514 circa
1094 4473 1215 4514 annum
1229 4451 1291 4514 412
1313 4447 1503 4534 ponendam
1525 4465 1596 4511 esse
1611 4440 1750 4508 Pahlius

9 4545 119 4625 :aciter
141 4547 345 4630 excogitavit
367 4548 464 4612 nixus
487 4551 534 4614 eis
557 4572 643 4632 qnae
665 4547 833 4633 Sauppius
856 4548 898 4612 de
921 4550 1069 4613 oratione
1092 4551 1168 4612 κατὰ
1195 4550 1322 4630 Φιλίνου,
1344 4569 1430 4633 quae
1453 4546 1487 4610 iu
1501 4543 1750 4628 Antiphontea-
1810 4628 1813 4633 Ι

9 4643 237 4707 norationnm
258 4645 368 4708 indice
390 4657 591 4730 numeratur,
614 4648 810 4734 disputavit.
861 4647 957 4730 Quae
992 4650 1020 4714 si
1052 4659 1142 4713 recte
1175 4671 1211 4714 se
1245 4650 1366 4714 habene
1398 4645 1568 4731 ponimns,
1601 4641 1751 4723 seqnitur

9 4764 98 4805 mum
120 4751 169 4823 ut,
192 4766 266 4807 cum
288 4744 369 4809 haec
392 4746 435 4810 ad
450 4747 669 4832 Antiphontis
685 4757 831 4812 aetatem
845 4749 1028 4828 referimus,
1050 4770 1149 4830 quem
1172 4749 1258 4812 circa
1280 4770 1401 4814 annum
1415 4747 1478 4820 480
1499 4747 1631 4828 (olymp.
1649 4741 1699 4820 75,
1716 4739 1750 4822 l)

9 4863 71 4902 zum
94 4863 165 4906 esse
190 4851 317 4908 veteres
339 4845 561 4930 tradiderunt,
595 4848 628 4911 in
652 4851 722 4932 ejus
749 4856 921 4915 senectute
944 4848 1111 4913 orationes
1133 4847 1251 4931 quinta
1274 4856 1308 4911 et
1330 4857 1426 4916 sexta
1448 4841 1652 4926 compositae
1674 4839 1752 4921 sint,

9 4939 79 5003 nde
102 4949 140 5003 ut
162 4950 348 5027 temporum
370 4947 498 5010 ratione
520 4958 670 5031 respecta
691 4949 778 5013 inter
800 4971 855 5016 eas
876 4950 966 5033 ipsas
989 4949 1137 5032 spatium
1158 4948 1295 5032 aliquod
1317 4947 1523 5012 intercedere
1553 4937 1751 5011 verisimilli-
