4120 5526
1233 322 1251 384 5

1171 407 1322 416 ..—

345 547 476 590 cansam
496 547 563 588 non
586 526 692 588 solum
712 522 825 585 fictam
849 543 931 602 esse,
953 521 1012 586 sed
1032 521 1114 584 talia
1135 540 1222 602 quae
1244 522 1291 585 eis
1314 529 1426 584 orator
1447 523 1605 585 tractavit
1625 523 1660 585 in
1674 522 1845 586 hominum
1860 523 1930 586 vita
1945 531 1971 587 ol

344 626 442 709 hujus
461 623 510 687 rei
531 621 759 687 testimonium
782 629 832 685 est
852 620 937 683 illud
959 619 1051 702 quod
1073 618 1273 683 Plutarchus
1294 619 1328 682 in
1351 618 1489 684 Periclis
1511 620 1582 683 vita
1602 620 1763 699 narravit3
1797 620 1839 684 de
1861 642 1929 703 qua
1949 629 1972 683 rl

342 745 441 788 nerus
464 721 665 785 mentionem
685 720 764 783 fecit
816 719 1018 784 Plutarchus
1039 719 1148 802 capite
1170 718 1210 783 36
1231 718 1313 781 haec
1340 717 1459 781 habet:
1495 716 1662 782 πεντάθλου
1697 720 1754 805 γάρ
1788 743 1864 788 τινος
1885 720 1973 800 ἀκονιῖ

344 823 452 892 ξαντος
469 815 610 903 Ἐπίτιμον
633 822 683 881 τὸν
709 819 880 904 Φαρσάλιον
902 817 1051 886 ἀκουσίους
1070 820 1119 880 καὶ
1140 815 1320 886 κτείναντος,
1343 815 1459 902 ἡμέραν
1481 816 1553 902 ὅλην
1574 818 1729 880 ἀναλῶσαι
1745 818 1824 902 μετὰ
1846 811 1974 903 Πριυταῇ

347 925 507 1036 tripodam,
533 920 659 1004 πότερον
681 921 713 980 ol
735 917 868 980 ἀκόντιον
890 915 908 1002 ἢ
932 920 982 979 τὸν
1001 917 1136 998 βαλόντα
1157 913 1176 1001 ἦ
1201 915 1269 984 τοὺς
1287 914 1483 996 ἀγωνοθέτας
1502 917 1578 978 κατὰ
1602 919 1651 978 τὸν
1673 914 1839 1001 ὀρθότατον
1856 917 1975 999 λάγανα

346 1024 396 1083 τοῦ
431 1015 546 1086 acidos<
574 1018 717 1102 arctatur.
770 1015 866 1079 Haec
899 1016 1016 1079 eadem
1049 1037 1151 1080 eausa
1183 1018 1288 1078 altera
1316 1015 1494 1100 tetralogia
1523 1024 1687 1080 tractatur
1715 1015 1764 1078 ita
1790 1025 1902 1080 tamen
1924 1021 1976 1080 ut}

345 1115 484 1200 ἀγωνοάέ
485 1140 536 1200 της
554 1116 614 1180 sed
638 1115 725 1177 παιοο
728 1114 858 1200 τρίβῃς
849 1137 884 1176 in
905 1113 968 1177 hac
991 1115 1141 1178 oratione
1165 1122 1325 1178 occurrat.

494 1215 570 1279 Hac
593 1236 667 1278 cum
687 1237 723 1278 re
746 1213 900 1277 cohaeret
921 1213 1059 1277 tertium
1081 1213 1123 1276 de
1149 1235 1216 1296 quo
1238 1235 1325 1276 nunc
1348 1211 1588 1296 disputandum
1609 1212 1707 1278 nobis
1729 1222 1789 1278 est.
1823 1214 1864 1278 In
1885 1215 1978 1280 libro

345 1316 415 1379 viro
448 1314 641 1379 doctissimo
672 1315 784 1377 multis
814 1312 895 1376 viris
922 1311 1124 1377 doctissimis
1146 1333 1222 1374 eum
1239 1311 1437 1395 juvantibus
1460 1311 1562 1393 edito,
1583 1313 1641 1395 qui
1663 1313 1857 1378 inscribitur
1878 1313 1980 1394 „Real

343 1414 464 1500 paedie
487 1414 546 1478 des
567 1412 772 1478 klassischen
795 1412 1013 1476 alterthums“
1036 1411 1117 1474 dicit
1138 1411 1167 1477 is
1189 1335 1253 1494 qui
1270 1411 1311 1474 de
1327 1410 1538 1494 Antiphonte
1559 1411 1728 1482 disseruit,
1750 1434 1825 1476 cum
1846 1417 1981 1499 tetralog

346 1513 464 1597 quinta
487 1521 521 1576 et
543 1521 637 1578 sexta
660 1511 810 1576 oratione
832 1532 1078 1593 comparemus,
1110 1511 1206 1574 facile
1239 1510 1458 1574 demonstrari
1491 1532 1589 1593 posse
1622 1511 1714 1594 quod
1747 1513 1791 1576 ad
1818 1512 1982 1576 dicendi1

345 1614 498 1692 attineat,
520 1635 678 1699 magnum
700 1611 876 1675 discrimen
897 1610 984 1674 inter
1006 1633 1062 1674 eas
1084 1631 1172 1686 esse;
1196 1608 1328 1672 videtur
1350 1610 1451 1672 etiam
1472 1609 1501 1673 is
1517 1607 1568 1671 vir
1582 1609 1701 1674 doctus
1717 1631 1831 1674 eorum
1846 1599 1983 1676 sentent?

346 1713 404 1796 qui
426 1713 516 1776 haud
537 1711 758 1795 Antiphontis
780 1732 852 1774 esse
873 1709 1066 1794 tetralogias
1088 1717 1218 1793 putant.
1243 1745 1279 1755 -
1304 1707 1412 1770 Nemo
1429 1729 1508 1771 sane
1523 1729 1643 1792 negare
1658 1717 1770 1792 potest
1785 1709 1872 1773 inter
1886 1701 1984 1792 tetral

346 1835 452 1898 genus
474 1809 608 1875 dicendi
631 1818 664 1872 et
686 1808 822 1891 quintae
844 1817 1026 1890 sextaeque
1048 1807 1206 1872 orationis
1229 1805 1357 1888 aliquid
1379 1805 1577 1870 discriminis
1599 1807 1771 1888 interesse,
1797 1810 1891 1893 cujus
1912 1809 1959 1872 rei
1982 1813 1985 1866 λ

347 1914 446 1974 aliam
468 1932 540 1974 esse
563 1932 696 1973 causam
718 1908 961 1985 contenderim3
984 1908 1043 1972 sed
1066 1907 1108 1970 de
1129 1905 1192 1970 hoo
1213 1915 1348 1990 postea3
1374 1926 1482 1986 neque
1506 1904 1606 1969 etiam
1627 1913 1759 1969 tantum
1782 1929 1853 1972 esse
1875 1908 1938 1971 hoc
1960 1909 1987 1970 dl

345 2009 426 2072 mihi
457 2008 624 2092 persuasi,
656 2017 694 2070 ut
723 2007 765 2070 de
795 2007 860 2070 alio
883 2006 1043 2089 scriptore
1067 2005 1214 2091 cogitare
1237 2024 1403 2088 cogamur.
1447 2002 1565 2066 Paullo
1588 2005 1775 2070 accuratius
1797 2005 1839 2069 de
1861 2017 1988 2094 genere

344 2108 429 2171 infra
458 2111 491 2170 in
520 2107 585 2170 fine
615 2106 714 2191 hujus
742 2105 1030 2171 commentationis
1060 2105 1231 2188 disputare
1260 2105 1295 2165 in
1319 2102 1428 2166 animo
1452 2111 1512 2166 est.
1555 2101 1631 2168 Hoc
1652 2106 1725 2166 loco
1747 2105 1781 2168 in
1803 2101 1989 2178 universum

345 2205 553 2291 respicienda
568 2215 656 2270 sunt,
687 2205 875 2269 Discrimen
890 2205 973 2267 illud
989 2227 1055 2267 non
1069 2205 1155 2267 tanti
1171 2224 1243 2268 esse
1258 2202 1502 2267 aestimandum
1517 2220 1556 2266 ea
1572 2225 1613 2266 ex
1627 2224 1661 2266 re
1677 2203 1884 2289 intelligitur,
1907 2193 1991 2288 quod

343 2328 402 2370 nes
423 2304 456 2367 V
479 2313 514 2369 et
534 2304 588 2368 VI
610 2304 653 2368 ad
676 2325 792 2368 causas
815 2311 921 2368 certas
942 2301 1075 2386 publice
1097 2301 1288 2366 tractandas
1310 2302 1453 2385 scriptae
1474 2302 1630 2365 videntur
1652 2325 1735 2384 esse,
1756 2305 1992 2388 tetralogiae
1977 2313 1992 2376 e}

343 2405 428 2469 tioni
450 2404 582 2469 servire.
625 2402 742 2466 Nam
734 2425 769 2465 in
790 2402 832 2467 iis
851 2400 1069 2481 orationibus,
1089 2423 1204 2483 quae
1197 2400 1241 2463 ad
1262 2423 1360 2464 usum
1374 2399 1546 2484 publicum
1562 2400 1749 2465 destinatae
1765 2410 1870 2483 erant,
1892 2411 1993 2470 orator

345 2525 450 2568 sermo
473 2503 656 2568 communis
678 2501 850 2567 hominum
873 2512 905 2565 et
929 2501 1074 2586 vulgaris
1097 2495 1287 2583 sequendus
1316 2508 1402 2579 erat,
1437 2498 1465 2563 si
1498 2498 1635 2581 quidem
1661 2499 1698 2563 id
1720 2501 1812 2582 quod
1834 2450 1898 2564 sibi
1919 2521 1995 2598 prop

346 2603 431 2667 effici
459 2602 603 2666 volebat
645 2601 912 2686 Tetralogiarum
942 2611 1056 2665 contra
1086 2622 1191 2686 genus
1220 2598 1371 2678 dicendi,
1400 2597 1525 2682 quippe
1547 2620 1634 2680 quae
1655 2621 1722 2662 non
1744 2600 1842 2664 certis
1865 2610 1898 2663 et
1920 2601 1996 2682 verit

345 2723 455 2764 coram
472 2699 645 2784 judicibus
667 2699 851 2764 tractandis
873 2699 1129 2785 responderent,
1157 2698 1200 2762 ad
1222 2719 1370 2762 normam
1393 2697 1580 2780 quotidiani
1603 2697 1737 2761 dicendi
1758 2721 1840 2764 usus
1861 2701 1997 2764 referre1

342 2823 409 2864 non
432 2808 512 2880 erat,
534 2799 582 2862 ita
604 2807 642 2862 ut
665 2799 786 2863 oratori
809 2799 915 2884 magis
936 2797 1051 2862 liceret
1073 2799 1120 2861 eis
1142 2797 1192 2860 uti
1215 2797 1357 2880 quaein
1377 2804 1521 2860 mentem
1544 2797 1574 2859 ei
1595 2796 1783 2861 veniebant.
1828 2795 1905 2879 Qua
1927 2821 1962 2862 re
1985 2821 1999 2865 ε

344 2909 396 2966 est
416 2911 455 2964 ut
477 2902 635 2963 nonnulla
657 2899 789 2982 planius
812 2907 845 2962 et
867 2899 1053 2963 accuratius
1075 2919 1176 2980 quam
1197 2919 1256 2980 pro
1279 2896 1500 2971 institutione.
1515 2905 1554 2960 ut
1575 2896 1624 2960 ita
1645 2896 1754 2960 dicam
1775 2896 1893 2962 harum
1916 2899 1999 2962 orati

343 3022 417 3062 rum
449 3009 679 3082 exspectemus
712 2998 896 3082 descripta,
928 2999 993 3061 alia
1025 2997 1233 3112 paucissimis
1267 2995 1420 3061 absoluta
1450 2997 1518 3062 sint
1540 3006 1573 3060 et
1598 3019 1696 3080 saepe
1720 3019 1737 3061 e
1760 3019 1889 3062 conexu
1912 3007 2001 3063 cont

346 3097 504 3162 orationis
525 3097 561 3160 id
583 3097 674 3181 quod
696 3106 812 3161 auctor
834 3096 897 3164 sibi
919 3098 1061 3162 voluerit
1084 3120 1156 3180 con]
1148 3096 1201 3158 ici
1224 3095 1356 3158 debeat.
1399 3094 1507 3178 Qua
1499 3119 1533 3160 1n
1555 3097 1628 3182 ipsa
1649 3119 1684 3160 re
1706 3097 1798 3180 quod
1813 3106 1930 3162 auctor
1945 3091 2001 3161 tet

344 3217 415 3258 rum
438 3199 595 3260 nonnulla
617 3196 810 3262 brevissime
833 3197 987 3280 exposuit
1010 3205 1044 3260 et
1067 3218 1181 3260 eorum
1203 3198 1307 3259 solum
1330 3197 1469 3260 formam
1492 3206 1525 3260 et
1546 3197 1690 3281 speciem
1713 3197 1936 3277 adumbravit,
1959 3211 2003 3266 mt

345 3293 520 3360 discrimen
542 3297 629 3360 inter
651 3296 815 3362 orationes
837 3296 989 3378 quintam
1012 3305 1206 3377 sextamque
1229 3285 1263 3357 et
1283 3296 1370 3358 inter
1391 3296 1585 3381 tetralogias
1606 3297 1754 3379 positum
1778 3304 1837 3361 est.
1881 3295 2004 3379 Neque

344 3393 374 3456 ei
405 3394 589 3458 sententiae
622 3393 778 3458 accedere
810 3417 966 3479 possum,
997 3416 1064 3477 qua
1085 3393 1147 3457 viri
1175 3393 1265 3458 docti
1288 3395 1495 3458 contendunt
1516 3394 1761 3479 Antiphontem
1782 3398 1835 3458 vel
1858 3418 1934 3459 eum
1956 3418 2003 3478 qu

318 3491 323 3512 ⁸
343 3492 450 3578 logias
473 3495 661 3576 conceperit
685 3501 718 3556 et
738 3493 940 3577 Antiphonti
964 3493 1169 3574 subdiderit,
1198 3492 1382 3558 inserendis
1403 3494 1501 3558 factis
1523 3493 1658 3557 studere
1680 3516 1732 3558 res
1753 3493 1849 3558 fictas
1870 3516 1931 3578 pro
1953 3517 2003 3558 ver

342 3614 476 3674 ponere.
519 3591 608 3656 Nam
635 3593 662 3658 si
684 3615 718 3656 re
741 3613 819 3656 vera
840 3592 1021 3672 falsarium,
1043 3600 1081 3654 ut
1103 3591 1204 3654 verbo
1227 3591 1324 3654 venia
1346 3592 1400 3672 sit,
1422 3592 1482 3658 has
1505 3593 1671 3659 orationes
1693 3593 1863 3676 scripsisse
1886 3602 1919 3656 et
1933 3594 2003 3657 Ant

344 3689 533 3757 subdidisse
555 3692 729 3777 ponamus,
749 3713 858 3755 nonne
881 3693 1036 3755 alias'res
1059 3712 1135 3754 eum
1155 3693 1361 3774 prolaturum
1383 3691 1486 3756 fuisse
1508 3700 1619 3776 putas,
1640 3691 1764 3775 quibus
1785 3691 1892 3777 magis
1915 3691 2003 3755 effice

344 3809 420 3852 vere
442 3791 574 3857 habitas
597 3812 669 3856 esse
693 3812 747 3854 eas
770 3789 938 3855 orationes
961 3788 1189 3854 crederemus?
1231 3787 1353 3856 Nonne
1381 3814 1433 3855 res
1455 3813 1532 3855 vere
1562 3791 1604 3855 ab
1626 3791 1890 3858 Atheniensibus
1918 3801 2003 3876 geste

344 3884 429 3948 ferre
449 3889 626 3971 potuisset,
647 3889 841 3973 praesertim
864 3911 938 3952 cum
959 3889 994 3951 in
1016 3889 1164 3953 oratione
1187 3890 1304 3970 quinta
1326 3891 1368 3953 dc
1390 3890 1489 3955 rebus
1509 3891 1567 3955 illo
1590 3894 1722 3955 saeculo
1737 3891 1881 3957 Athenis
1903 3891 2003 3976 gestis

345 3984 410 4052 sit?
434 3988 490 4070 (ct'.
502 3987 533 4049 V
548 3991 587 4073 §b
600 3992 733 4070 76—79,
747 3989 806 4052 ubi
822 3989 864 4052 de
878 3989 1159 4074 Mitylenaeorum
1175 3990 1217 4053 ab
1229 3988 1491 4054 Atheniensibus
1507 3989 1693 4053 desectione
1709 4012 1794 4054 anno
1816 3990 1878 4055 428
1900 3990 1990 4054 facta

343 4086 433 4150 facta
455 4094 521 4165 est3
558 4095 591 4151 et
612 4087 643 4150 V
668 4093 684 4170 ξ
707 4091 756 4170 68,
779 4112 845 4173 quo
868 4091 941 4154 loco
962 4087 1154 4172 Ephialtem
1175 4087 1269 4152 illum
1291 4089 1348 4171 qui
1371 4089 1456 4152 anno
1478 4091 1670 4174 4601egem
1693 4087 1735 4151 de
1764 4089 1943 4153 minuenda
1964 4089 2003 4152 A]

342 4189 640 4272 potestatetulerat
649 4189 990 4272 commemoravit.)—
1000 4185 1069 4253 Sed
1077 4209 1118 4250 ne
1129 4187 1306 4272 vestigium
1315 4188 1450 4272 quidem
1458 4189 1622 4271 ejusmodi
1632 4189 1860 4275 intetralogiis
1872 4190 2003 4274 reperiri

342 4287 388 4350 Et
410 4287 502 4370 quod
524 4287 797 4371 vituperaverunt
820 4287 881 4351 viri
904 4287 1006 4368 docti,
1028 4287 1206 4370 aliquoties
1229 4309 1338 4351 rerum
1359 4289 1521 4352 factarum
1542 4289 1745 4353 mentionem
1765 4289 1849 4370 fieri,
1871 4289 1934 4354 etsi
1953 4293 2001 4354 sol

344 4385 510 4458 mentae?
532 4387 655 4450 εἷκότιον
677 4408 763 4470 quae
784 4395 945 4451 vocantur
967 4387 1001 4450 in
1023 4375 1214 4454 universum
1234 4388 1421 4474 tetralogiis
1442 4388 1589 4472 proferre
1612 4395 1758 4469 constet,
1786 4410 1853 4452 non
1881 4397 1932 4452 est
1962 4411 2003 4470 qu

343 4505 462 4566 remur,
485 4509 559 4550 cum
580 4486 774 4572 respicimus
797 4488 919 4551 oratori
943 4487 1090 4552 omnium
1112 4509 1249 4551 casuum
1269 4486 1458 4552 habendam
1479 4487 1581 4554 fuisse
1603 4488 1767 4552 rationem
1788 4496 1826 4551 ut
1848 4509 1889 4550 ne
1910 4509 1977 4550 una
1999 4512 2003 4547 ι

344 4582 493 4647 conditio
515 4587 713 4670 negligatur.
736 4621 778 4632 -

496 4680 565 4748 Sed
587 4685 677 4748 aliud
700 4706 834 4768 quoque
857 4684 906 4747 vir
927 4686 982 4749 ille
1005 4686 1134 4767 doctus,
1157 4685 1214 4769 qui
1238 4686 1279 4750 de
1300 4686 1511 4770 Antiphonte
1533 4687 1566 4749 in
1581 4687 1701 4772 Paulyi
1722 4686 1807 4752 libro
1831 4687 2003 4772 disputavi*

341 4782 489 4865 peravit;
510 4781 567 4845 illa
589 4783 675 4846 enirn
697 4783 921 4850 artificiositas
944 4787 1191 4850 enuntiatorum
1212 4784 1461 4850 formandorum
1483 4808 1550 4869 qua
1570 4786 1745 4871 Antiphon
1777 4810 1857 4854 usus
1886 4795 1937 4853 est
1965 4788 1999 4848 in

343 4881 440 4966 logiis
473 4903 609 4965 quoque
642 4882 854 4965 observatur,
890 4885 950 4948 sed
976 4885 1073 4951 nimis
1103 4885 1256 4969 quaesita
1286 4886 1315 4949 ei
1343 4885 1477 4948 videtur
1505 4907 1699 4968 essequam
1720 4894 1759 4950 ut
1782 4884 1825 4949 ab
1846 4885 2003 4968 Antipho:

344 4979 482 5063 scriptas
505 5003 577 5048 esse
598 4990 764 5067 putemus.
808 4983 936 5047 Iterum
957 4983 1020 5047 hoc
1042 4987 1115 5049 loco
1138 4984 1463 5049 commemorandum
1491 4994 1559 5065 est,
1589 4985 1814 5069 sophistarum
1841 4983 1953 5049 studia
1983 5007 2003 5048 e
