4120 5526
23 474 73 554 ni,
94 495 180 556 quae
196 473 333 538 Pahlius
348 473 390 538 de
406 474 555 538 oratione
578 473 695 557 quinta
718 474 818 537 dixit:
841 472 895 536 die
918 471 1099 538 sichersten
1122 472 1312 554 anzeichen,
1333 473 1410 538 dass
1432 474 1492 537 der
1513 467 1675 540 versasser
1697 477 1806 541 dieser

22 571 89 636 ede
111 573 171 636 mit
194 571 258 636 den
280 573 581 659 tagesereignissen
603 573 666 638 seit
689 574 754 637 den
775 570 1034 658 Perserkriegen
1055 571 1142 634 wohl
1171 571 1320 636 bekannt
1346 575 1417 638 sein
1443 581 1569 638 musste
1593 611 1630 621 —
1653 597 1722 640 was
1744 577 1806 639 wir

21 694 77 734 ron
109 671 215 736 einem
247 670 408 736 snelscher
438 671 531 735 nicht
561 672 745 736 annehmen
777 671 948 750 koenmm,
979 693 1048 736 was
1071 669 1223 756 dagegen
1246 671 1322 736 sehr
1342 680 1403 757 gut
1425 672 1528 758 grade
1550 673 1612 736 aus
1628 675 1822 759 Antiphon·

20 763 124 854 aasst“
147 807 173 814 -
195 768 313 832 eodem
330 770 405 853 jure
426 769 504 833 licet
526 769 635 834 dicere
656 770 811 854 peritiam
832 791 942 834 rerum
963 768 1144 834 forensium
1161 792 1228 853 qua
1244 770 1384 855 scriptor
1397 771 1649 857 tetralogiarum
1664 773 1803 861 insignis

19 868 142 933 exsistit
166 869 290 952 optime
313 890 388 932 cum
410 870 458 933 eis
480 889 661 954 congruere
683 891 770 951 quae
792 868 888 934 nobis
911 869 952 933 de
973 868 1193 951 Antiphontis
1214 869 1348 956 ingenio
1371 878 1404 934 et
1427 892 1526 954 opera
1541 870 1664 936 forensi
1679 873 1802 937 tradita

18 975 89 1031 sunt
120 967 169 1030 ita
201 976 239 1031 ut
272 966 335 1031 hoc
368 989 502 1051 quoque
535 966 690 1031 rideatur
714 967 906 1032 testimonio
937 989 1009 1033 esse
1029 968 1120 1032 haud
1137 970 1212 1053 jure
1234 991 1297 1033 eas·
1313 967 1355 1032 ab
1377 969 1587 1054 Antiphonte
1609 969 1802 1055 abjudicari.

17 1065 182 1146 Quaeres
204 1067 305 1130 etiam
327 1076 484 1154 augetur,
514 1068 606 1152 quod
634 1068 669 1131 in
690 1067 867 1152 tetralogia
889 1069 992 1130 altera
1015 1067 1057 1130 de
1078 1070 1153 1152 lege
1174 1067 1320 1150 quadam
1342 1066 1557 1152 cogitandum
1578 1067 1711 1132 videtur
1733 1090 1803 1134 esse

16 1187 97 1248 quae
112 1165 177 1230 illis
191 1164 397 1249 temporibus
411 1167 535 1249 quibus
549 1166 724 1251 Antiphon
739 1175 808 1230 erat
826 1165 972 1250 vigebat,
983 1165 1221 1231 Demosthenis
1236 1166 1442 1250 temporibus
1452 1168 1522 1251 jam
1536 1166 1663 1230 dudum
1679 1167 1806 1232 abolita

15 1272 92 1328 erat.
135 1264 389 1347 Antiquissimis
412 1265 499 1329 enim
520 1264 727 1349 temporibus
749 1265 773 1328 ii
796 1265 894 1334 exilio
917 1265 1145 1330 multabantur
1166 1265 1224 1349 qui
1246 1266 1281 1328 in
1301 1268 1468 1350 palaestra
1489 1288 1568 1331 casu
1589 1266 1736 1349 quodam
1754 1267 1804 1330 in-

13 1364 74 1426 viti
89 1364 190 1426 alium
205 1362 449 1445 interfecerant,
471 1386 557 1447 quae
570 1367 625 1428 lex
640 1365 741 1428 etiam
755 1363 975 1448 Antiphontis
990 1374 1100 1429 aetate
1121 1366 1263 1431 valebat.
1296 1365 1421 1430 Postea
1440 1376 1552 1429 autem
1567 1373 1804 1430 commutatam

13 1484 86 1525 eam
109 1451 182 1527 esse
197 1462 443 1528 Demosthenes
463 1472 620 1544 testatur,
642 1463 700 1546 qui
714 1486 747 1547 p.
756 1463 816 1528 637
832 1464 914 1549 legis
927 1461 1209 1547 cujusdamverba
1221 1463 1341 1526 haecce
1353 1462 1464 1526 affert:
1488 1463 1541 1526 ἐάν
1554 1463 1759 1548 τιςάποκτείνῃ
1772 1464 1803 1526 ἐν

13 1558 118 1630 ἄθλοις
137 1559 219 1623 ἄκων
235 1614 241 1628 .
259 1609 266 1623 .
282 1613 289 1626 .
301 1563 345 1646 μὴ
367 1561 488 1647 φεύγειν
510 1562 672 1626 κτείναντα.
715 1562 900 1626 Falsarium
931 1563 990 1645 qui
1011 1570 1147 1645 postero
1169 1569 1318 1645 tempore
1341 1561 1461 1625 vixerit
1483 1583 1625 1625 errorem
1646 1562 1709 1626 hoc
1730 1564 1802 1626 loeo

16 1661 70 1724 vix
81 1661 284 1724 evitaturum
294 1661 397 1727 fuisse
408 1671 491 1746 puto
517 1661 632 1746 Atque
644 1663 672 1728 si
684 1661 1089 1746 sumimusAntiphontem
1098 1663 1255 1746 juvenem
1266 1661 1325 1726 has
1337 1661 1559 1728 oratiunculas
1571 1662 1805 1745 composuisse,

13 1760 115 1824 etiam
137 1761 242 1845 magis
264 1760 434 1846 ingenium
456 1763 528 1845 ejus
549 1769 583 1825 et
605 1783 743 1825 acumen
766 1759 858 1845 quod
878 1761 912 1824 in
935 1760 1166 1846 excogitandis
1187 1761 1285 1825 rebus
1307 1768 1340 1823 et
1363 1760 1411 1825 eis
1432 1760 1615 1824 tractandis
1636 1760 1803 1844 praestitit

9 1858 233 1922 admiratione
265 1881 326 1925 nos
356 1859 469 1927 afficit.
516 1859 569 1923 Ex
598 1859 751 1925 omnibus
778 1859 883 1946 igitur
911 1881 997 1944 quae
1024 1859 1197 1942 hucusque
1225 1859 1469 1942 disputavimus
1492 1881 1650 1943 apparere
1674 1859 1804 1922 videtur

8 1958 72 2021 thas
95 1957 319 2023 oratiunculas
339 1959 560 2043 Antiphontis
581 1959 753 2024 habendas
777 1981 858 2025 esse.

165 2045 285 2122 Restat
306 2058 409 2143 igitur
430 2066 469 2121 ut
490 2057 533 2122 de
554 2057 627 2143 ipso
641 2058 800 2141 loquendi
814 2081 878 2124 usu
893 2059 1105 2140 disseramus,
1127 2079 1192 2140 quo
1208 2057 1297 2121 tacto
1314 2080 1380 2121 non
1394 2065 1527 2121 tantum
1541 2080 1613 2123 esse
1629 2058 1804 2123 discrimen

14 2155 201 2220 videbimus
231 2155 322 2238 quod
353 2155 441 2220 inter
484 2155 651 2223 orationes
684 2157 831 2243 singulas
863 2165 932 2238 est,
963 2166 1002 2220 ut
1031 2156 1073 2220 de
1102 2155 1164 2220 hac
1192 2156 1387 2238 quaestione
1415 2155 1496 2219 certi
1530 2156 1612 2240 quid
1633 2157 1740 2240 possit
1763 2178 1804 2220 ex

14 2254 147 2318 dicendi
168 2277 231 2319 usu
253 2255 421 2320 constitui.

163 2351 214 2417 Ut
236 2355 378 2438 primum
402 2375 539 2438 agamus
562 2375 725 2436 quaenam
745 2355 830 2418 ratio
852 2353 939 2416 inter
959 2361 1086 2418 sextam
1110 2362 1144 2417 et
1166 2354 1316 2436 quintam
1345 2355 1529 2419 orationem
1557 2356 1618 2436 sit,
1649 2358 1805 2419 nonnulla

14 2452 162 2516 notanda
184 2462 262 2517 sunt
282 2453 317 2516 in
339 2452 461 2536 quibus
483 2475 595 2517 earum
617 2452 792 2518 discrimen
815 2452 904 2516 cerni
925 2460 1048 2536 potest.
1091 2452 1267 2536 Proprium
1289 2475 1362 2518 esse
1384 2462 1514 2518 constat
1537 2462 1570 2518 et
1585 2453 1806 2538 Antiphontis

15 2560 48 2614 et
70 2550 280 2636 Thucydidis
311 2575 371 2637 pro
406 2542 444 2614 ἦ
466 2553 718 2618 consonantium
748 2573 833 2635 quae
863 2559 1023 2615 vocantur
1050 2550 1236 2614 litterarum
1263 2553 1494 2636 conjunctione
1524 2574 1581 2617 eos
1608 2553 1697 2615 illam
1721 2552 1806 2616 anti-

14 2650 140 2732 quioris
155 2651 348 2715 Atticorum
370 2652 530 2716 sermonis
552 2651 586 2716 in
608 2641 649 2716 ὦ
665 2650 842 2715 formatam
863 2671 1032 2733 usurpare.
1061 2647 1276 2734 Thucydides
1298 2673 1376 2714 sane
1397 2651 1433 2714 in
1454 2651 1641 2734 antiquiore
1658 2672 1806 2716 sermone

15 2758 49 2812 et
81 2771 120 2812 eo
152 2751 304 2834 graviore
337 2750 526 2815 adhibendo
561 2750 764 2816 constantior
796 2747 899 2813 tuisse
930 2749 1080 2827 videtum
1116 2771 1192 2811 nam
1219 2748 1344 2833 ubique
1366 2773 1432 2812 non
1455 2753 1561 2814 solum
1583 2750 1692 2815 formis
1713 2751 1747 2813 in
1765 2739 1809 2812 ’ἁᾶ

15 2848 213 2931 comparatis
236 2870 317 2914 usus
332 2858 393 2931 cst,
415 2849 475 2914 sed
490 2852 554 2913 alia
570 2850 670 2914 etiam
685 2848 815 2932 antiqui
829 2847 987 2913 sermonis
1003 2847 1146 2933 vestigia
1167 2856 1361 2926 cernuntur3
1385 2849 1444 2912 sed
1460 2849 1549 2932 apud
1564 2849 1805 2934 Antiphontem

14 2957 157 3031 utraque
178 2949 283 3012 forma
306 2949 582 3012 animadvertitur
603 2949 650 3013 ita
671 2957 783 3012 tamen
805 2947 899 3010 utin
921 2947 1056 3030 reliquis
1078 2946 1285 3011 orationihus
1307 2970 1373 3010 una
1395 2956 1489 3011 sexta
1512 2957 1652 3032 excepta
1682 2948 1806 3031 ubique

14 3047 137 3112 litteris
159 3035 207 3129 ob,
228 3048 263 3111 in
285 3055 379 3112 sexta
400 3047 506 3112 forma
527 3048 561 3110 in
584 3036 846 3131 {comparatm
878 3068 965 3128 quae
992 3045 1184 3109 recentioris
1206 3045 1375 3110 Atticismi
1405 3054 1438 3109 et
1466 3047 1612 3134 vulgaris
1637 3047 1809 3112 hominum

16 3147 150 3211 dicendi
171 3169 252 3212 usus
272 3147 406 3231 proprie
428 3155 510 3228 erat,
532 3169 612 3214 usus
645 3148 704 3225 sit;
739 3146 830 3231 quod
865 3153 899 3209 et
927 3145 1037 3229 ipsum
1064 3143 1256 3208 testimonio
1279 3151 1331 3208 est
1351 3143 1598 3228 Antiphontem
1620 3153 1715 3210 sexta
1737 3167 1809 3209 ora·

16 3245 108 3309 tione
126 3247 196 3329 jam
218 3247 324 3331 magis
347 3246 390 3309 ad
413 3235 619 3310 communem
641 3246 774 3310 dicendi
796 3244 1070 3311 consuetudinem
1093 3243 1386 3327 appropinquasse.
1430 3240 1562 3325 Cf.V1,
1585 3246 1637 3307 14:
1662 3245 1745 3306 ἅττα.
1768 3282 1809 3291 -

16 3344 65 3408 20.
95 3347 262 3430 πράττουσι.
284 3381 326 3392 -
347 3343 395 3410 39.
428 3345 610 3432 θιὴλλαττον.
631 3382 672 3392 -
693 3347 743 3410 45.
772 3345 918 3429 πράττων.
962 3343 1003 3406 [n
1024 3341 1161 3425 reliquis
1185 3342 1391 3408 orationibus
1414 3344 1547 3426 saepius
1569 3343 1694 3407 formae
1716 3342 1751 3407 in
1769 3333 1812 3406 bo

17 3450 232 3527 comparatae
254 3444 367 3508 tormis
387 3444 422 3507 in
445 3468 479 3506 rr
498 3444 711 3508 intermixtae
735 3452 823 3523 sunt,
845 3442 905 3507 sed
926 3442 994 3505 fere
1017 3440 1171 3505 omnihus
1193 3442 1357 3525 ejusmodi
1379 3441 1460 3506 locis
1476 3462 1584 3505 errore
1599 3441 1808 3505 librariorum

17 3540 152 3604 videtur
173 3541 277 3606 forma
305 3542 339 3606 in
361 3533 396 3606 ἦ
415 3544 539 3628 scripta
563 3565 642 3609 esse.
688 3537 731 3624 V‚'
750 3545 787 3606 91
811 3541 934 3628 legitur
955 3539 1087 3621 ἔλαττον,
1109 3563 1211 3623 quam
1231 3541 1408 3604 lectionem
1430 3561 1633 3623 quamquam
1656 3538 1807 3603 codicum

17 3641 216 3704 auctoritate
239 3641 320 3706 satis
342 3642 475 3706 videtur
495 3642 626 3706 firmata
649 3665 740 3722 esse,
772 3641 922 3706 Blassius
953 3641 988 3703 in
1021 3637 1147 3702 ἔλασσον
1180 3641 1333 3703 mutavit.
1376 3635 1428 3701 Of.
1451 3641 1522 3724 ejus
1544 3636 1645 3701 verba
1667 3637 1806 3720 praeiet.

17 3760 116 3824 pagg.
139 3737 212 3802 VII
235 3748 268 3802 et
290 3738 392 3806 VIII.
425 3778 463 3788 -
496 3739 601 3804 Aliud
633 3741 813 3826 vestigium
845 3760 911 3822 quo
944 3738 1140 3802 adducimur
1165 3747 1202 3801 ut
1225 3739 1408 3802 orationem
1430 3736 1483 3801 VI
1504 3759 1538 3799 re
1561 3758 1639 3799 vcra
1661 3737 1809 3800 omnium

16 3837 277 3903 recentissimam
299 3860 370 3903 esse
392 3839 619 3904 existimemus
646 3849 713 3919 est⁷
746 3838 837 3921 quod
860 3837 1066 3920 aliquantum
1089 3860 1107 3900 a
1130 3846 1313 3902 ceterarum
1335 3844 1468 3900 vetusto
1491 3838 1598 3898 colore
1621 3834 1808 3900 abhorreat.

17 3934 121 3998 Velut
143 3936 316 4000 enuntiata
336 3939 371 4000 in
393 3947 488 4002 sexta
520 3939 669 4001 oratione
699 3959 765 4000 non
786 3935 896 4002 verbis
924 3939 1008 3998 τοῦτο
1026 3937 1105 4019 μὲν.
1123 3985 1128 3998 .
1146 3986 1153 4001 .
1170 3940 1255 3998 τοῦτο
1277 3936 1313 3997 de
1335 3933 1511 4018 opposuit,
1543 3956 1630 4016 quae
1652 3934 1753 3998 verba
1774 3934 1808 3996 in

19 4034 140 4117 quinta
162 4037 310 4099 oratione
332 4045 401 4099 tam
424 4058 523 4121 saepe
545 4035 717 4120 usurpavit
740 4044 778 4098 ut
800 4037 868 4100 tere
894 4033 1008 4098 taedio
1039 4034 1230 4099 afficiamur.
1282 4033 1390 4097 Miror
1422 4031 1512 4116 quod
1535 4030 1734 4120 Spengelius
1767 4051 1807 4092 ex

19 4133 168 4196 oratione
189 4132 242 4197 VI
264 4137 372 4198 locum
393 4134 567 4198 annotavit
589 4156 656 4217 quo
680 4137 764 4196 τοῦτο
791 4133 825 4196 δὲ
855 4156 920 4197 non
947 4132 1170 4216 respondente
1204 4132 1234 4195 ei
1268 4135 1353 4194 τοῦτο
1383 4134 1440 4215 μὲν
1472 4133 1507 4196 in
1524 4133 1684 4200 ¹membro
1715 4127 1808 4211 quod

19 4232 189 4295 antecedit
211 4233 372 4316 scriptum
394 4243 491 4300 esset.
535 4232 677 4316 Saepius
699 4233 733 4296 in
755 4233 903 4297 oratione
925 4231 1043 4315 quinta
1066 4235 1151 4294 τοῦτο
1172 4231 1208 4293 δὲ
1230 4253 1295 4294 non
1318 4231 1536 4296 antecedente
1559 4235 1642 4294 τοῦτο
1656 4229 1714 4310 μὲν
1729 4227 1807 4293 scri-

18 4340 114 4414 ptum
137 4338 203 4410 est3
235 4331 295 4396 sed
328 4353 367 4395 eo
400 4335 473 4396 loco
495 4354 596 4415 quem
618 4330 816 4419 Spengelius
848 4333 976 4396 notavit
1001 4340 1113 4396 —est
1145 4331 1179 4394 in
1201 4331 1220 4414 ξ
1241 4332 1280 4394 41
1303 4367 1345 4376 -
1366 4353 1500 4414 prorsus
1533 4329 1597 4392 alia
1629 4328 1715 4391 ratio
1742 4335 1810 4394 est.

18 4431 162 4517 Legitur
183 4452 222 4494 eo
243 4434 332 4494 loco:
366 4433 414 4494 καλ
436 4436 554 4517 πρῶτον
576 4433 654 4515 [μὲν
677 4431 713 4495 id
735 4432 826 4515 quod
848 4431 980 4496 addidit
1002 4430 1196 4511 Dobreeus,
1218 4430 1251 4492 in
1280 4428 1451 4494 codicibus
1479 4449 1545 4490 non
1570 4429 1693 4506 exstat]
1716 4426 1736 4488 d
1760 4430 1810 4488 τοῦ

17 4529 174 4611 βασιλέως
192 4533 389 4615 κατηγοροῦσι
411 4533 459 4593 καὶ
481 4530 530 4593 διὰ
553 4532 604 4616 τὴν
626 4531 700 4616 ἐμὴν
720 4532 854 4618 σπουδὴν
875 4529 912 4593 οὔ
934 4554 1023 4614 poma
1046 4528 1159 4593 ἐθέλειν
1183 4531 1273 4593 αὐτὸν
1295 4523 1522 4614 α’νογράφεσθαι
1537 4527 1591 4611 τὴν
1606 4524 1700 4612 δίκην,
1725 4529 1809 4588 ΐθῦῖθ

21 4630 56 4692 δὲ
78 4625 149 4692 κατ’
172 4632 271 4693 αὐτῶν
294 4630 405 4692 τούτων
427 4627 510 4694 ἔσται
533 4631 687 4718 τεκμήριον
709 4633 752 4693 ὅτι
774 4632 828 4694 οὐκ
849 4629 948 4716 ἀληθῆ
970 4629 1112 4710 λέγουσιν.
1147 4629 1261 4693 Primo
1284 4628 1371 4692 enim
1393 4626 1514 4690 obtutu
1532 4625 1686 4691 videmus
1700 4621 1808 4687 verbis

21 4732 106 4792 codro
129 4728 164 4790 θὲ
185 4727 345 4812 apodosin
368 4750 455 4811 quae
478 4729 600 4793 dicitur
620 4729 782 4812 incipere;
805 4729 839 4790 δὲ
860 4729 1022 4811 particula
1042 4727 1077 4789 in
1101 4728 1240 4811 apodosi
1261 4730 1373 4813 posita
1393 4725 1513 4788 mirum
1534 4747 1595 4791 nos
1617 4720 1810 4801 nonhabet,

20 4850 97 4890 nam
118 4826 285 4890 interdum
307 4826 369 4890 hoc
392 4829 491 4893 modo
508 4836 675 4912 ¹usurpata
697 4836 759 4892 est.
803 4825 934 4909 Quodsi
956 4827 1150 4911 respicimus
1170 4828 1204 4890 in
1225 4828 1412 4914 tetralogiis
1435 4848 1508 4890 eam
1530 4821 1694 4890 enuntiati
1710 4841 1811 4883 mem-

20 4925 154 4990 brorum
176 4927 421 5010 oppositionem
444 4931 529 4991 τοῦτο
546 4929 761 5011 μὲν...τοῦτο
784 4927 819 4989 δὲ
846 4925 954 4991 verbis
976 4925 1098 4989 factam
1124 4949 1258 5009 prorsus
1280 4949 1346 4989 non
1368 4925 1519 5006 inveniri,
1541 4945 1620 4987 num
1636 4927 1735 5004 putas
1748 4918 1812 4981 hoc
