4120 5526
1194 264 1213 326 9

311 469 537 535 testimonium
560 488 631 531 esse
654 463 782 548 quode
812 464 876 526 alio
905 472 1038 528 auctore
1071 463 1216 547 cogitare
1250 461 1429 552 cogamur?
1471 462 1560 526 Nam
1592 473 1667 528 suut
1701 464 1759 546 qui
1791 464 1961 526 monuerin

310 591 444 656 gravem
466 565 598 630 dicendi
621 562 894 628 consuetudinem
917 571 950 625 et
974 584 1048 624 eam
1070 561 1291 646 inelegantem
1312 562 1348 625 in
1369 562 1552 647 tetralogiis
1575 562 1699 626 deesse.
1752 563 1800 625 At
1822 584 1887 625 non
1909 561 1960 625 his

310 667 510 733 modonsus
533 664 639 728 estin
662 663 809 727 oratione
832 659 866 722 V
887 670 925 724 ut
948 660 1096 724 membra
1119 661 1363 726 enuntiatorum
1385 660 1448 725 sibi
1471 670 1669 745 opponeret
1699 660 1757 724 sed
1786 662 1886 723 etiam
1914 660 1965 722 alii

309 767 497 834 nominibus
519 767 571 826 vel
594 761 760 826 adverbiis
782 765 873 824 velut
896 761 962 824 τοτὲ
979 761 1084 842 μὲν..
1101 760 1247 823 ,tortile
1270 797 1308 808 -
1331 761 1364 822 όν
1382 760 1486 842 μὲν.
1503 761 1603 822 ‚rar
1604 761 1707 830 ὲ,.ε1
1752 756 1863 839 Quare
1885 782 1951 822 non

310 863 476 948 estquod
499 863 719 944 τοῦτομὲν-
742 860 884 923 τοῦτοδὲ
912 859 946 921 in
975 858 1159 944 tetralogiis
1185 881 1256 922 non
1284 868 1410 936 exstat3
1445 805 1618 922 interduui
1645 867 1756 921 autem
1778 858 1951 941 Antiphon

311 967 435 1033 εἰκότως
448 964 505 1050 μὲν
520 1016 527 1030 .
544 1012 550 1025 .
568 1011 574 1025 .
591 886 714 1029 ε’ἷκότως
732 960 766 1022 όὲ
788 962 839 1022 vel
863 957 958 1027 όντως
976 959 1011 1020 dt
1033 957 1178 1021 membra
1201 957 1365 1027 enuntiati
1387 958 1514 1042 incipit,
1537 956 1627 1040 quod
1650 956 1693 1020 ad
1714 963 1820 1020 totam
1841 959 1968 1039 tetraloJ

245 1045 259 1059 ’
313 1061 435 1147 quibus
458 1069 652 1146 argumenta
673 1059 710 1131 ἐξ
730 1059 851 1120 εἰκότων
873 1056 1025 1122 desumta
1046 1055 1203 1119 tractavit
1224 1065 1375 1120 naturam
1397 1057 1520 1141 optime
1543 1055 1707 1139 quadrare
1730 1055 1877 1133 videtur3
1901 1055 1939 1120 of.
1962 1056 1969 1116 l

313 1161 444 1242 Hero.
466 1159 581 1242 11783
608 1161 739 1243 saepius
761 1158 908 1243 singulas
930 1178 1027 1220 voees
1049 1177 1135 1238 quae
1156 1156 1267 1242 magui
1289 1155 1444 1218 momenti
1467 1163 1544 1219 suut
1559 1154 1728 1238 particulis
1746 1153 1910 1238 μὲν..,δὲ
1931 1176 1969 1236 ap

313 1260 455 1380 opponit,
473 1262 580 1322 velut:
610 1257 748 1320 ἀκούσιον
765 1254 1053 1339 μὲν...ἑκονοίως
1072 1255 1107 1316 οὲ
1128 1255 1166 1318 ΙΙ
1189 1279 1207 1336 J'
1227 1258 1254 1317 1.
1298 1255 1403 1317 ἑκόντα
1421 1255 1525 1337 μὲν..
1543 1253 1677 1316 ,ἄκοντα
1700 1253 1735 1315 δὲ
1756 1252 1814 1316 III
1837 1278 1856 1315 α
1879 1256 1906 1316 1.
1951 1255 1970 1314 ε’

310 1361 412 1444 μὲην
429 1351 1161 1438 π,λείονςόεΙΙχ11.ἣμὲνπιοτότεμονῆ
1185 1352 1436 1438 ιλλκιλέστεμον..
1453 1351 1552 1437 ,ddi
1574 1353 1811 1436 ἀδολώτεμονη
1828 1352 1953 1432 ‚Hip

309 1460 365 1542 μὲν
389 1455 571 1542 κιιόομόν..
589 1459 661 1520 ,τόν
684 1456 750 1537 δὲ]
737 1457 847 1539 μιαρὸν
869 1452 922 1517 IV
945 1454 964 1516 d
986 1454 1022 1516 ll
1047 1451 1127 1529 alia3
1156 1451 1189 1512 in
1211 1451 1400 1515 universum
1423 1451 1508 1514 enim
1529 1473 1649 1536 magna
1671 1451 1830 1514 varietate
1852 1450 1941 1532 quod
1965 1475 1972 1512 ι

313 1558 433 1621 attinet
452 1579 531 1620 usus
554 1565 673 1622 est.-
698 1551 765 1619 Sed
788 1561 825 1615 ut
848 1552 890 1616 ad
913 1539 1041 1616 sentam
1065 1545 1253 1614 orationem
1268 1550 1482 1634 spectandam
1503 1550 1693 1630 redeamus⁷
1727 1549 1825 1613 etiam
1854 1572 1892 1612 ea
1920 1572 1953 1612 re

312 1680 333 1719 a
355 1656 471 1720 ceteris
494 1655 660 1734 omnibus,
679 1653 769 1735 quod
790 1652 905 1738 figuris
928 1651 1087 1716 adhibitis
1110 1659 1142 1714 et
1164 1649 1414 1732 quaestionibus
1437 1658 1470 1713 et
1490 1649 1531 1714 iis
1554 1649 1689 1732 quidem
1710 1647 1830 1731 quibus
1847 1649 1966 1731 seipse

312 1755 494 1840 interrogat
515 1753 719 1836 interpositis
740 1751 897 1815 fervidior
920 1761 952 1814 et
974 1752 1078 1814 acrior
1100 1758 1166 1826 est3
1202 1749 1281 1831 quin
1313 1749 1412 1811 etiam
1438 1748 1675 1812 exclamatione
1696 1769 1775 1812 usus
1798 1757 1848 1811 est
1871 1757 1975 1810 orator

312 1853 548 1921 Demosthenis
571 1853 589 1936 ᾗ
609 1854 665 1916 4οι
698 1851 723 1914 ὦ
746 1851 807 1913 Ζεῦ
831 1853 878 1913 καὶ
900 1849 965 1912 elect
988 1851 1112 1918 πάντες
1148 1871 1233 1960 quae
1256 1847 1391 1929 quidem
1414 1847 1522 1910 omnia
1543 1846 1577 1909 in
1602 1846 1718 1909 ceteris
1741 1846 1944 1910 orationibus
1968 1869 1977 1908 ι

312 1960 400 2016 sunt.
444 1949 511 2015 Sed
534 1951 574 2014 de
597 1950 678 2034 hisj
683 1973 735 2012 am
758 1951 847 2014 satis.
891 1949 1054 2013 Videmus
1076 1949 1178 2034 igitur
1200 1948 1233 2010 in
1261 1945 1435 2009 tractando
1465 1967 1583 2030 genere
1613 1945 1745 2008 dicendi
1778 1945 1978 2010 cautionem

311 2072 384 2115 esse
407 2050 637 2131 adhibendam⁷
659 2073 700 2114 ne
721 2051 857 2146 nimium
881 2049 1081 2112 contendent
1068 2057 1118 2112 tes
1141 2067 1247 2110 errore
1270 2045 1447 2128 capiamur,
1468 2044 1610 2128 primum
1632 2042 1752 2126 quod
1744 2053 1830 2107 mter
1851 2067 1905 2108 eas
1925 2067 1979 2130 ora

313 2150 354 2213 de
365 2149 486 2233 quibus
498 2146 694 2214 dubitatio
676 2173 741 2213 non
753 2158 804 2214 est
819 2158 852 2212 et
868 2149 957 2232 ipsas
979 2148 1154 2212 discrimen
1175 2143 1362 2224 intercedit,
1384 2142 1503 2206 deinde
1526 2142 1615 2225 quod
1637 2165 1677 2205 ex
1691 2165 1760 2206 mea
1776 2143 1910 2226 quidem
1926 2166 1980 2242 seq

312 2271 431 2333 auceps
463 2249 596 2312 videtur
629 2272 669 2312 ex
703 2247 832 2311 duabus
866 2246 1072 2310 orationibus
1105 2249 1156 2309 vel
1184 2267 1251 2308 una
1282 2243 1324 2306 de
1353 2244 1490 2305 aliarum
1518 2242 1708 2307 conditione
1731 2244 1843 2328 coujec
1844 2231 1982 2354 rtrraml

253 2371 256 2378 ·
312 2347 424 2428 Quare
446 2347 542 2409 valde
565 2345 744 2410 dolendum
767 2354 817 2409 est
838 2344 1142 2428 Antiphonteorum
1164 2344 1360 2427 scriptorum
1381 2350 1450 2404 tam
1471 2363 1577 2424 pauca
1599 2341 1641 2403 ad
1664 2363 1724 2406 nos
1746 2343 1982 2425 pervenisse‚l

311 2447 367 2508 vix
389 2447 461 2529 eJ'us
483 2445 621 2510 oratoris
643 2452 829 2508 accuratam
850 2443 1028 2529 imaginem
1052 2443 1252 2528 cogitatione
1274 2441 1397 2526 fingere
1419 2441 1591 2524 possimus.
1634 2442 1749 2523 Atque
1771 2442 1861 2525 apud
1882 2432 1984 2524 veteri

312 2546 383 2628 ejus
406 2544 569 2636 orationes
590 2545 763 2627 paullatim
786 2543 950 2607 oblivione
973 2541 1111 2605 obrutae
1134 2540 1287 2605 videntur
1309 2563 1391 2621 esse,
1414 2563 1488 2604 cum
1510 2540 1643 2603 demum
1664 2540 1883 2622 posteriorum
1905 2531 1985 2644 temJ

313 2645 383 2725 ejus
406 2643 530 2706 mentio
562 2643 632 2722 fiat
664 2642 712 2704 ita
733 2650 771 2703 ut
792 2641 961 2705 rhetorum
984 2651 1016 2705 et
1039 2641 1224 2704 criticorum
1248 2663 1329 2723 quos
1352 2639 1488 2702 arbitrio
1511 2662 1570 2704 suo
1594 2642 1673 2702 mult
1660 2646 1731 2702 tum
1753 2640 1940 2722 permisisse
1962 2655 1986 2746 cJ

305 2741 477 2825 judieii
447 2766 502 2805 vix
524 2741 685 2806 rationem
708 2739 874 2822 quandam
896 2740 1008 2804 haberi
1032 2748 1192 2824 oporteat
1984 2737 1987 2806 l

464 2839 562 2906 Sed
550 2863 619 2924 Jam
642 2841 684 2904 ad
708 2839 958 2922 comparandam
980 2839 1112 2902 dicendi
1135 2838 1417 2918 cousuetudinem,
1440 2861 1524 2920 quae
1547 2837 1711 2920 quidem
1704 2861 1737 2899 m
1760 2837 1912 2901 omnibus
1935 2807 1987 2902 ord

314 2940 374 3005 bus
403 2943 472 3024 ejus
503 2864 664 3019 cednitnr,
696 2947 919 3019 transeamus,
953 2948 985 3002 et
1016 2939 1149 3021 quidem
1179 2963 1217 3003 ea
1246 2942 1352 3004 solum
1381 2938 1442 3002 hac
1465 2939 1742 3002 commentatione
1763 2946 1904 3002 tractare
1926 2938 1987 3002 int

312 3037 409 3102 nobis
432 3047 492 3116 est,
514 3059 599 3119 quae
622 3038 655 3099 in
671 3037 1016 3101 universum'maxime
1031 3039 1212 3122 spectanda
1227 3047 1321 3116 sunt3
1344 3039 1548 3124 singulorum
1565 3036 1800 3100 accuratiorem
1816 3037 1987 3121 disceptati

314 3134 347 3196 in
371 3134 462 3196 aliud
483 3145 613 3218 tempus
637 3132 834 3202 differamus

466 3234 641 3318 Inprimis
663 3235 724 3297 viri
747 3235 930 3300 doctissimi
951 3235 985 3298 in
1008 3257 1045 3298 eo
1069 3235 1288 3316 offenderunt,
1311 3236 1401 3319 quod
1423 3235 1661 3320 iu'tetralogiis
1684 3258 1703 3298 a
1725 3235 1886 3318 scriptore
1909 3257 1987 3318 pern

316 3355 412 3396 voces
435 3342 467 3395 et
490 3335 692 3398 elocutiones
714 3345 893 3418 usurpatae
917 3344 1037 3416 essent,
1059 3357 1144 3417 quae
1167 3334 1208 3397 ab
1224 3336 1415 3398 Atticorum
1430 3333 1625 3417 quotidiano
1641 3355 1704 3398 usu
1718 3333 1850 3397 dicendi
1867 3333 1987 3397 abhorr

314 3430 433 3512 Neque
468 3433 580 3516 negari
615 3441 727 3516 potest
764 3435 883 3497 multas
918 3455 1015 3498 voces
1035 3433 1083 3496 -in
1119 3434 1165 3498 eis
1201 3435 1333 3518 reperiri
1352 3455 1454 3516 quae
1498 3437 1604 3519 magis
1646 3436 1818 3516 poetarum
1858 3456 1947 3497 more
1984 3462 1986 3488 ι

314 3531 409 3595 sint¹¹
434 3527 501 3595 Sed
523 3532 685 3614 ejusmodi
707 3534 909 3596 elocutiones
938 3555 1003 3595 non
1032 3532 1130 3597 modo
1156 3535 1191 3595 in
1219 3535 1404 3618 tetralogiis
1434 3532 1493 3596 sed
1516 3534 1615 3596 etiam
1637 3533 1671 3595 iu
1694 3531 1898 3596 orationibus
1921 3533 1986 3614 quir

314 3638 419 3710 senta⁷
451 3631 574 3713 quippe
607 3630 728 3712 quibus
756 3651 869 3694 verum
890 3629 1108 3717 Antiphontis
1135 3635 1342 3713 eloquentiae
1374 3635 1560 3715 exemplum
1589 3631 1739 3716 praeberi
1769 3631 1829 3693 viri
1852 3631 1985 3715 doctip

316 3725 445 3789 oste'udi
480 3735 636 3810 possunt3
673 3736 706 3790 et
727 3719 870 3791 'omniuo
903 3734 1008 3791 totam
1040 3729 1138 3814 huJ'us
1172 3731 1311 3794 oratoris
1339 3728 1471 3794 dicendi
1499 3730 1771 3795 consuetudinem
1797 3753 1816 3792 a
1838 3753 1986 3792 commun

227 3839 230 3846 ’
316 3825 433 3889 aetatis
455 3825 630 3890 verborum
652 3848 714 3891 usu
740 3827 871 3910 saepius
901 3827 1053 3891 recedere
1086 3837 1241 3913 apparet,
1274 3830 1316 3893 de
1348 3852 1414 3913 qua
1441 3851 1475 3893 re
1497 3831 1567 3912 J'am
1588 3829 1771 3914 Dionysius
1792 3828 1986 3892 Halicarnas

316 3921 470 3987 disseruit
493 3923 718 4005 (Conferenda
746 3949 879 4010 quoque
901 3937 978 3992 sunt
1002 3923 1136 3991 Caecilii
1161 3927 1320 3991 Calactini
1351 3928 1466 3992 verba:
1501 3931 1527 3990 οἱ
1556 3930 1644 4008 πόλοι
1669 3930 1868 4016 ῥήτορες...
1887 3928 1983 3990 ,ἐοπο

317 4024 349 4082 τό
371 4021 439 4082 όλον
462 4025 529 4108 περὶ
550 4026 601 4109 τὴν
623 4025 699 4114 λε’ξιν
720 4029 768 4088 καὶ
790 4028 840 4088 τὸν
863 4026 971 4112 τιιύπος
989 4033 1113 4110 κόσμον,
1145 4031 1263 4113 πρῶτον
1287 4029 1344 4110 μὲν
1370 4029 1454 4096 ὅπως
1479 4025 1524 4110 εἴη
1549 4028 1711 4116 opportere}
1733 4051 1764 4090 τε
1787 4030 1834 4089 καὶ
1857 4027 1985 4112 εὐπρεπῆ

316 4122 471 4204 όνόμοιοιν,
499 4119 562 4183 εἶτα
589 4123 624 4185 δὲ
646 4128 694 4188 καὶ
707 4126 924 4212 ,ἐναρμόνιοςῆ
948 4127 1058 4188 τούτων
1088 4125 1238 4198 σύνθεσις·
1272 4128 1304 4190 ἐν
1330 4127 1425 4210 τούτῳ
1448 4126 1505 4211 γὰρ
1527 4128 1626 4195 αὐτοῖς
1645 4129 1693 4189 καὶ
1716 4129 1768 4210 τὴν
1792 4129 1867 4211 πρὸς
1886 4125 1985 4194 τοὺς-Ξ

316 4220 464 4305 όιοφομὰν
479 4219 525 4282 ἐπὶ
541 4223 573 4283 τό
588 4227 718 4306 κρεῖττον
735 4223 941 4310 πεμικίνεσόοι.
969 4225 1128 4307 (Exstant
1143 4226 1224 4290 haec
1239 4226 1341 4290 verba
1356 4225 1445 4309 apud
1459 4225 1616 4289 Photium
1634 4225 1704 4291 cod.
1718 4226 1778 4290 259
1794 4247 1833 4308 .p.
1845 4227 1905 4289 485
1921 4223 1985 4290 hl}

316 4315 426 4396 Quam
448 4320 721 4384 consuetudinem
743 4345 809 4385 non
831 4345 905 4386 eum
928 4323 1026 4387 modo
1050 4347 1120 4390 esse
1143 4335 1294 4391 secutum
1315 4325 1374 4389 sed
1398 4325 1528 4388 omnino
1552 4326 1622 4408 ejus
1645 4323 1765 4388 aetatis
1784 4326 1985 4407 scriptores<

317 4414 367 4477 nis
388 4417 550 4497 pedestris
574 4441 613 4482 ex
635 4419 841 4504 Thucydidis
864 4422 955 4487 libris
977 4423 1133 4490 discimus
1156 4427 1213 4507 qui
1236 4432 1268 4487 et
1289 4424 1361 4507 ipse
1382 4424 1553 4507 permultis
1576 4431 1608 4486 et
1631 4422 1768 4487 vocibus
1792 4431 1824 4486 et
1855 4425 1984 4486 elocuti<

316 4513 485 4580 inusitatis
507 4526 540 4579 et
562 4519 700 4602 poeticis
722 4541 801 4584 usus
825 4529 873 4584 est
896 4522 952 4603 (cf.
975 4522 1114 4607 Dionys.
1136 4523 1243 4586 Helio.
1267 4522 1308 4585 de
1330 4520 1480 4606 Thucyd.
1499 4522 1602 4606 judic.
1626 4544 1694 4604 cap.
1711 4523 1759 4586 24.
1781 4544 1813 4605 p.
1829 4525 1898 4587 869.
1923 4523 1973 4586 ed.

317 4612 364 4676 ἐπὶ
381 4613 437 4695 μὲν
459 4617 513 4696 τῆς
532 4615 654 4701 ἐκλογῆς
674 4624 732 4682 τῶν
756 4620 909 4702 ὀνομάτων
932 4621 983 4706 τὴν
1005 4626 1143 4706 τροπικὴν
1165 4625 1213 4685 καὶ
1235 4625 1474 4707 γλωττηματικὴν
1497 4625 1543 4685 καὶ
1565 4622 1814 4710 ἀπηρχαιωμένην
1837 4625 1884 4684 κοιλ
1911 4623 1984 4707 ξένη

317 4712 516 4798 προελόμενος
534 4714 596 4778 ἀντὶ
618 4722 672 4802 τῆς
693 4723 791 4803 κοινῆς
809 4713 857 4782 καὶ
878 4718 1047 4806 ξυνήλικες).
1092 4721 1192 4802 Quod
1222 4732 1332 4788 autem
1357 4725 1391 4785 in
1421 4722 1627 4786 orationibus
1654 4721 1771 4805 quinta
1802 4729 1835 4784 et
1862 4730 1956 4784 sexta

316 4829 415 4889 quam
437 4810 470 4873 in
492 4816 677 4898 tetralogiis
700 4818 844 4883 studium
867 4818 949 4883 illud
971 4819 1080 4885 verbis
1103 4829 1135 4883 et
1158 4821 1199 4885 ab
1221 4845 1284 4887 usu
1308 4822 1441 4886 remotis
1464 4831 1496 4886 et
1517 4824 1610 4886 novis
1625 4820 1742 4884 utendi
1758 4823 1845 4885 cerni
1860 4828 1982 4902 potest,

316 4908 513 4994 intelligitur
543 4934 609 4995 qua
638 4913 671 4976 in
701 4939 735 4979 re
766 4941 863 4983 causa
895 4922 938 4986 sit
965 4922 1127 5003 ponenda.
1170 4920 1259 4986 Nam
1276 4923 1432 5004 juvenem
1453 4923 1504 4984 vel
1527 4943 1600 4984 eum
1622 4919 1679 5003 qui
1702 4919 1984 5000 nondumyratiom

1880 5039 1896 5090 2
