4120 5526
857 300 878 360 4

12 494 133 582 ,lennem
155 501 235 564 aber
255 500 348 564 nicht
369 519 539 580 muessen,
561 521 598 564 so
621 499 696 563 sind
719 497 818 561 beide
839 500 990 580 parteien
1011 499 1134 562 darauf
1150 500 1376 584 angewiesen,
1401 501 1456 564 die
1478 501 1786 566 wahrscheinlioh··

12 599 40 662 it
67 599 155 662 ihrer
182 607 375 685 argumente
407 597 491 662 nach
520 597 672 662 kraeften
694 595 881 660 darzuthun
901 596 971 659 und
992 597 1027 660 in
1049 597 1126 660 dem
1147 597 1269 661 richter
1292 597 1347 662 die
1369 597 1629 684 ueherzeugung
1651 622 1693 662 zu
1715 617 1765 664 er-

10 691 87 792 gen,
120 697 196 763 dass
227 697 280 761 ihr
306 699 386 768 εἰκὸς
412 697 508 761 einen
533 697 700 761 hoeheren
729 695 813 781 grad
834 717 901 758 von
922 694 1164 778 glaublichkert
1186 696 1367 779 anspreche
1389 700 1437 762 als
1460 698 1520 763 das
1542 697 1601 760 der
1622 720 1764 784 gegner3

10 797 75 876 3rin
95 797 177 882 liegt
200 796 379 882 eigentlieh
401 796 462 860 das
484 797 649 882 κρείττω
631 795 711 856 ι”ττω
735 797 834 863 ποιεῖν.
861 793 973 856 indem
996 794 1050 858 die
1072 793 1180 878 replik
1202 796 1302 880 zeigt,
1324 795 1388 858 wie
1410 796 1533 882 gerade
1557 796 1617 861 das
1638 819 1762 883 gegen-

9 877 50 974 3il
71 917 137 958 von
159 895 235 959 dem
257 894 440 976 statthabe,
462 917 530 960 was
553 894 613 958 der
634 914 841 978 vorgaenger
862 891 1047 976 behauptet
1069 892 1138 957 hat.
1183 894 1259 957 Alle
1281 893 1429 958 schaerfe
1451 895 1510 960 des
1531 895 1656 980 geistes
1678 896 1763 959 wird

8 989 189 1078 fgeboten
210 1016 268 1057 um
288 995 323 1056 in
345 994 410 1057 den
432 1003 580 1074 saetzen,
606 992 661 1055 die
684 992 768 1055 eben
788 990 904 1055 noch
895 1015 941 1055 ιιιι
963 992 1092 1058 sichern
1114 993 1247 1078 gefuehl
1271 993 1330 1056 der
1359 992 1521 1058 wahrheit
1544 993 1763 1080 vorgebracht

7 1087 117 1174 arden,
139 1093 319 1179 das1rrige
341 1115 382 1156 au
405 1092 591 1156 entdecken
611 1091 681 1154 und
701 1091 773 1155 ihre
795 1090 1122 1176 unzulaenglichkeit
1143 1114 1185 1154 zu
1208 1092 1406 1156 enthuellen.
1441 1091 1539 1158 Ohnc
1554 1093 1682 1156 zwerfel
1694 1115 1762 1156 war

6 1185 41 1272 3r
62 1191 128 1254 den
148 1191 289 1277 lehrling
311 1191 370 1255 der
390 1191 540 1255 rhetorik
562 1191 635 1254 dies
656 1191 729 1254 eine
757 1189 924 1253 treffliche
950 1189 1088 1275 uebung
1097 1213 1189 1271 ,um
1216 1190 1287 1256 sich
1315 1215 1356 1255 zu
1387 1191 1643 1278 befaehigen,
1634 1215 1670 1255 ιιι
1698 1191 1764 1255 den

5 1287 190 1376 gentlichen
217 1290 360 1356 bestand
384 1291 480 1374 jeder
511 1298 720 1354 controverse
748 1289 985 1375 einzudringen
1006 1289 1076 1354 und
1097 1238 1169 1353 ihre
1191 1289 1328 1384 starken
1350 1290 1413 1354 wie
1436 1290 1632 1356 schwachen
1653 1294 1762 1356 seiten

4 1409 41 1454 ar
61 1413 103 1452 zu
125 1391 270 1456 erfassen
292 1390 362 1455 und
384 1412 419 1454 es
442 1389 599 1455 schadete
620 1388 741 1470 nichts,
763 1410 860 1452 wenn
882 1389 942 1453 das
964 1410 1221 1474 progymnasma
1243 1375 1403 1453 mitunter
1424 1390 1459 1452 in
1481 1391 1540 1454 der
1555 1390 1763 1476 spitzfindig-

2 1489 38 1551 ›it
66 1513 107 1552 zu
135 1489 214 1553 weit
245 1491 363 1575 gieng,
398 1491 461 1553 wie
492 1513 519 1552 z.
542 1487 573 1553 b.
597 1487 627 1550 Γ
643 1488 703 1551 13
731 1488 790 1552 der
820 1486 961 1550 urheber
983 1486 1042 1551 des
1064 1487 1175 1552 mords
1197 1511 1263 1551 von
1285 1488 1355 1552 sich
1377 1489 1480 1552 selbst
1502 1489 1758 1554 unterschieden

1 1568 81 1667 3rd
73 1610 108 1650 ιιι
130 1588 195 1652 den
219 1596 364 1652 werten:
394 1613 411 1650 o
434 1588 531 1673 αρξας
550 1591 606 1671 τῆς
625 1587 739 1672 πληγῆς
757 1587 867 1670 φονεὺς
886 1586 1028 1666 γίγνεται·
1062 1585 1149 1655 οὗτος
1178 1587 1236 1672 γὰρ
1264 1587 1415 1670 ἠνάγκασε
1440 1589 1490 1649 τόν
1517 1611 1549 1650 τε
1574 1588 1757 1671 ἀμυνόμενον

1 1686 151 1748 Ῑτιτύτιτειν
173 1687 222 1749 τόν
245 1710 277 1750 τε
300 1686 446 1772 πληγέντα
469 1687 516 1749 ἐπὶ
538 1689 587 1749 τὸν
608 1686 710 1770 ἰατρὸν
732 1683 850 1755 Heleia·
878 1684 1089 1770 desgleichen
1111 1687 1156 1749 ist
1178 1685 1209 1748 Γ
1226 1686 1246 1748 d
1267 1689 1307 1749 10
1329 1689 1345 1745 ὁ
1368 1687 1545 1756 ἀποκτείνας
1563 1688 1632 1750 und
1656 1689 1673 1748 ὁ
1695 1687 1761 1748 ἀνν-

1 1795 3 1806 l
25 1782 234 1871 ςὸιαφθαρείς
247 1786 319 1848 eine
334 1785 404 1848 und
419 1784 566 1849 dieselbe
580 1806 713 1868 person,
735 1806 800 1846 von
816 1784 924 1847 denen
939 1783 998 1848 der
1017 1776 1170 1866 sprecher
1191 1806 1253 1847 nur
1274 1785 1525 1860 verschiedenes
1547 1785 1764 1869 behauptet.“

1 1883 75 1946 tid
97 1885 289 1950 omittamus
311 1884 403 1968 quod
423 1885 595 1968 Kayserus
617 1883 758 1967 conjecit
779 1883 1023 1966 Antiphontem
1045 1883 1239 1968 tetralogias
1262 1905 1322 1948 suo
1346 1883 1387 1946 de
1409 1894 1481 1947 arte
1498 1883 1662 1949 rhetorica
1678 1884 1763 1949 libro

4 1983 156 2064 seruisse,
178 1984 220 2046 de
242 2006 309 2066 qua
331 2006 365 2047 re
387 1984 444 2046 vix
467 1984 546 2046 certi
569 1983 651 2066 quid
675 1983 833 2046 constitui
854 1990 988 2066 potest,
1010 1981 1066 2044 vix
1089 1983 1150 2044 erit
1172 1982 1230 2064 qui
1254 2003 1293 2044 ea
1315 2004 1401 2064 quae
1423 1983 1465 2046 de
1487 1984 1553 2048 illis
1575 1983 1611 2054 ἐξ
1640 1985 1763 2047 εἰκότων

5 2083 171 2166 gumentis
193 2082 235 2146 ab
259 2105 298 2146 eo
321 2083 493 2166 disputata
516 2095 594 2147 sunt
615 2080 757 2166 probare
781 2081 994 2171 dubitaverit.
1031 2080 1090 2144 Eis
1114 2081 1201 2143 enim
1222 2079 1428 2163 temporibus
1450 2081 1572 2164 quibus
1587 2085 1763 2167 Antiphon

1 2183 31 2243 ‚it
53 2181 275 2264 sophistarum
297 2183 420 2262 studia,
453 2190 492 2245 ut
515 2175 613 2265 supra
632 2184 703 2265 jam
726 2182 1064 2259 commemoravimus,
1085 2181 1283 2266 viguerunt3
1315 2202 1424 2263 neque
1447 2182 1548 2245 etiam
1568 2191 1681 2266 potest
1703 2206 1760 2246 ne-

0 2281 38 2342 ri
53 2302 136 2343 >eum
157 2283 266 2363 ipsum
288 2281 429 2365 argutiis
450 2289 484 2343 et
506 2280 750 2347 subtilitatibus
772 2280 854 2344 artis
877 2303 989 2344 eorum
1003 2280 1166 2346 imbutum
1182 2281 1296 2361 fuisse,
1317 2280 1353 2343 id
1368 2281 1461 2364 quod
1476 2303 1518 2345 ex
1532 2284 1643 2348 multis
1659 2283 1760 2348 vesti-

4 2379 31 2442 is
53 2379 202 2465 intellegi
224 2386 346 2463 potest.
391 2378 493 2459 Quod
515 2386 552 2442 ut
575 2379 778 2462 explicarent
800 2379 935 2443 fuerunt
958 2380 1059 2443 etiam
1082 2379 1139 2463 qui
1155 2378 1329 2462 Sophilum
1351 2388 1480 2463 patrem
1504 2383 1574 2465 ejus
1597 2390 1630 2445 et
1650 2382 1761 2466 ipsum

6 2477 153 2561 phistam
174 2478 276 2543 fuisse
293 2479 549 2556 contenderent;
572 2480 665 2560 eujus
689 2477 863 2561 disciplina
885 2500 960 2541 curn
980 2479 1069 2542 filius
1091 2487 1251 2559 uteretur,
1273 2501 1339 2542 non
1361 2481 1480 2543 mirum
1502 2503 1591 2562 esse,
1614 2482 1705 2564 quod
1727 2483 1762 2546 in

7 2577 175 2641 ationibus
210 2577 361 2664 argutiae
394 2576 662 2656 observarentur3
699 2577 759 2642 sed
790 2575 872 2640 haec
909 2579 1073 2641 sententia
1108 2577 1242 2640 minime
1275 2586 1386 2662 potest
1419 2578 1552 2662 probari
1573 2589 1762 2664 temporum

5 2677 96 2741 tione
114 2678 185 2760 jam
207 2676 362 2740 obstante
384 2676 561 2759 quominus
584 2679 614 2739 ei
637 2677 843 2740 accedamus.
887 2675 989 2756 Quod
1012 2679 1039 2742 si
1061 2678 1254 2761 respicimus
1278 2688 1474 2764 argumenta
1495 2679 1532 2750 ἐξ
1550 2681 1673 2744 εἰκότων
1703 2681 1761 2744 de-

18 2782 71 2836 cta
91 2777 269 2859 praecipue
290 2776 325 2838 in
348 2776 398 2840 his
421 2775 599 2839 duodecim
623 2775 837 2839 oratiunculis
860 2798 924 2840 usu
945 2777 1074 2857 venire,
1101 2777 1149 2839 ita
1171 2785 1210 2840 ut
1230 2777 1340 2842 minus
1362 2799 1470 2841 rerum
1491 2778 1653 2841 factarum
1675 2779 1761 2843 sicut

0 2895 45 2936 ·re
67 2896 101 2938 se
124 2873 280 2954 habeant,
302 2897 402 2957 quam
425 2897 538 2938 eorum
560 2896 647 2957 quae
669 2896 743 2936 cum
765 2896 806 2936 ex
828 2874 925 2939 factis
946 2884 1019 2938 tum
1042 2897 1083 2938 ex
1106 2875 1286 2940 adversarii
1309 2876 1417 2940 verbis
1449 2875 1601 2940 concludi
1628 2885 1661 2939 et
1683 2898 1759 2960 pro·

0 2972 124 3038 biliter
146 2974 266 3057 exponi
287 2975 428 3057 possint,
450 2974 535 3038 ratio
557 2973 731 3054 habeatur,
753 2973 810 3035 vix
831 2973 971 3056 alicujus
994 2975 1154 3037 momenti
1174 2975 1308 3038 videtur
1331 2997 1420 3056 esse,
1447 2975 1538 3058 quod
1567 2975 1609 3038 ab
1632 2975 1679 3040 eis
1702 2975 1760 3059 qui

1 3073 162 3158 tralogias
186 3071 227 3136 ab
250 3095 290 3136 eo
312 3073 505 3157 abjudicant
529 3073 748 3156 exprobratur
776 3094 852 3135 eum
880 3073 938 3154 qui
965 3073 1159 3158 tetralogias
1193 3074 1430 3158 conscripserit,
1457 3095 1566 3137 rerum
1598 3075 1761 3137 factarum

2 3195 24 3234 x
47 3173 248 3236 mentionem
269 3173 397 3253 fecisse,
419 3173 560 3236 maxime
583 3181 695 3235 autem
718 3173 789 3254 ejus
810 3171 969 3234 interesse
991 3180 1039 3251 ut,
1062 3170 1170 3236 verbis
1192 3171 1225 3234 in
1247 3175 1367 3234 malam
1388 3181 1516 3256 partem
1539 3172 1681 3238 detortis
1710 3194 1760 3235 ar-

14 3269 71 3335 tiis
94 3278 250 3352 certetur,
271 3271 307 3334 id
329 3271 421 3354 quod
435 3271 646 3355 Antiphonte
661 3271 717 3334 illo
738 3273 825 3334 claro
849 3277 978 3333 oratore
1000 3270 1175 3355 indignum
1193 3271 1412 3354 judicandum
1434 3271 1494 3349 sit3
1516 3270 1761 3354 Antiphontem

9 3369 54 3431 im
77 3370 184 3432 virum
206 3370 368 3434 maximae
391 3371 596 3436 constantiae
620 3370 722 3434 fuisse
746 3377 779 3432 et
801 3368 859 3450 qui
881 3369 1015 3432 veritati
1038 3369 1216 3450 studuerit,
1238 3370 1272 3433 in
1286 3370 1473 3455 tetralogiis
1489 3373 1595 3436 solum
1610 3371 1759 3436 studium

0 3466 96 3531 randi
119 3478 153 3532 et
174 3469 356 3533 altercandi
379 3469 562 3548 observari3
598 3492 700 3553 quare
727 3469 818 3532 haud
847 3468 968 3552 injuria
997 3469 1125 3552 spurias
1148 3491 1220 3534 esse
1241 3471 1436 3554 tetralogias
1458 3469 1546 3534 viros
1569 3470 1686 3535 doctos
1704 3472 1758 3555 ju·
1833 3495 1835 3512 ·

1 3587 78 3629 care
100 3568 173 3649 („es
195 3569 239 3632 ist
261 3568 406 3653 gezankt
435 3567 590 3650 worden,
618 3569 775 3654 lediglich
806 3567 910 3632 damit
943 3568 1087 3654 gezankt
1120 3569 1270 3647 werde“;
1307 3578 1340 3632 et
1362 3569 1562 3650 „wachrend
1582 3569 1758 3653 Antiphon

15 3664 106 3730 hals
129 3667 225 3730 einen
248 3690 347 3730 mann
369 3690 435 3731 von
458 3667 637 3748 character,
659 3668 736 3732 dem
757 3690 792 3732 es
814 3691 869 3731 um
894 3668 948 3731 die
963 3669 1125 3732 wahrheit
1140 3691 1181 3731 zu
1202 3668 1287 3732 thun
1308 3669 1364 3750 ist,
1382 3717 1390 3733 .
1405 3721 1413 3734 .
1431 3717 1438 3733 .
1455 3669 1619 3749 darstellt,
1641 3669 1758 3733 stehen

4 3785 21 3826 e
48 3764 266 3848 tetralogieen
295 3765 356 3827 auf
380 3764 457 3829 dem
484 3765 686 3850 standpunct
720 3767 780 3830 der
805 3767 1012 3852 niedrigsten
1041 3767 1237 3850 sophistik“.
1285 3790 1317 3852 p.
1341 3768 1390 3831 12.
1420 3759 1474 3831 die
1501 3768 1602 3831 reden
1633 3768 1665 3831 d.
1687 3769 1757 3854 A).

34 3862 69 3924 in
91 3884 130 3926 ea
151 3863 224 3947 ipsa
245 3884 280 3927 re
302 3863 460 3926 differunt
482 3864 678 3950 tetralogiae
701 3864 743 3928 ab
766 3866 840 3930 aliis
862 3866 1085 3947 orationibus,
1111 3876 1149 3930 ut
1177 3889 1229 3932 ars
1255 3867 1446 3930 inveniendi
1476 3874 1509 3930 et
1539 3866 1757 3930 concludendi

0 3983 29 4022 ιιι
53 3959 161 4025 minus
183 3981 284 4042 quam
305 3961 498 4026 volubilitas
521 3970 554 4024 et
577 3963 626 4027 vis
649 3963 910 4049 delegendorum
934 3965 1114 4029 adversa-rii
1139 3987 1283 4030 errorum
1306 3973 1507 4030 exerceatur.
1541 3964 1756 4049 Quantopere

8 4066 77 4123 tem
96 4060 284 4124 interfuerit
307 4069 344 4123 ut
366 4061 390 4123 ii
412 4062 470 4144 qui
494 4083 603 4124 coram
621 4061 792 4146 judicibus
814 4087 883 4127 rem
905 4087 998 4128 suam
1020 4064 1260 4146 defendebant,
1290 4065 1439 4129 exornati
1463 4065 1552 4128 omni
1572 4064 1699 4127 ratione
1721 4069 1756 4124 et

8 4160 70 4221 rati
94 4167 205 4224 essent
228 4159 270 4222 ad
293 4160 513 4242 loquendum,
538 4161 573 4222 in
602 4161 825 4245 sophistarum
853 4163 982 4227 illorum
1011 4172 1198 4247 temporum
1220 4163 1342 4229 studiis
1362 4164 1444 4249 ipsis
1475 4167 1635 4241 cernitur,
1669 4183 1756 4243 quae

0 4279 27 4318 ·:1
49 4258 235 4322 rixantibus
257 4258 316 4321 tali
338 4259 553 4324 institutione
576 4267 609 4322 et
632 4261 818 4324 eruditione
840 4284 924 4346 opus
946 4263 1082 4342 fuisset,
1112 4284 1281 4346 nunquam
1310 4265 1396 4327 tanti
1424 4265 1535 4327 futura
1560 4261 1663 4325 fuisse
1685 4283 1755 4324 mo-

4 4356 67 4418 nti
100 4356 288 4420 existimare
320 4356 408 4420 licet.
461 4356 582 4440 Neque
616 4359 716 4422 etiam
746 4361 911 4426 orationes
938 4362 1057 4444 quinta
1085 4371 1118 4426 et
1141 4371 1236 4427 sexta
1257 4363 1291 4426 in
1314 4362 1594 4446 comparationem
1615 4370 1756 4443 possunt

8 4455 85 4536 cari,
106 4456 141 4517 in
162 4454 284 4538 quibus
307 4479 381 4520 cum
403 4457 526 4520 oratori
548 4479 600 4522 res
623 4481 698 4522 vere
720 4459 829 4523 factae
850 4461 1044 4524 tractandae
1065 4463 1143 4542 sint,
1164 4462 1359 4544 praesertim
1374 4483 1448 4524 cum
1464 4481 1574 4523 coram
1584 4459 1756 4544 judicibus

7 4554 98 4618 bitae
119 4555 296 4618 videantur
319 4577 407 4636 esse,
437 4579 564 4620 summa
586 4580 696 4621 rernm
717 4567 886 4643 gestarum
907 4559 1087 4643 premenda
1110 4569 1142 4623 et
1170 4560 1378 4645 respicienda
1410 4567 1490 4623 erat.
1534 4560 1695 4628 Attamen
1721 4559 1756 4620 in

0 4682 11 4713 ι
43 4653 124 4736 ipsis
155 4652 378 4735 orationibus,
410 4655 561 4738 quintam
584 4664 618 4719 et
639 4666 767 4720 sextam
789 4657 880 4731 dico,
910 4667 1105 4744 argumenta
1130 4681 1171 4723 ex
1192 4661 1272 4723 facti
1294 4659 1444 4745 vestigiis
1468 4659 1622 4725 desumta
1645 4664 1757 4721 orator

1 4754 118 4833 otulit,
151 4774 237 4836 quae
267 4775 318 4817 res
345 4752 443 4818 nobis
474 4755 666 4819 testimonio
699 4765 767 4836 est,
811 4778 911 4839 quarn
950 4757 1078 4839 peritus
1118 4779 1197 4822 suae
1234 4757 1314 4822 artis
1347 4757 1522 4843 Antiphon
1549 4756 1660 4821 fuerit.
1714 4753 1756 4818 Ιιι

14 4851 148 4936 ralogiis
178 4860 306 4934 contra,
338 4853 462 4936 quippe
492 4875 578 4936 quae
607 4875 742 4937 prorsus
770 4855 869 4918 aliam
895 4877 962 4918 rem
991 4864 1175 4937 sequantur
1196 4864 1298 4938 atque
1321 4859 1488 4923 orationes
1509 4877 1586 4920 vere
1609 4853 1756 4936 habitae,

0 4953 44 5011 lul
66 4950 230 5015 referebat
251 4959 364 5015 utrum
385 4953 511 5016 factum
533 4954 711 5036 respiceret
736 4953 764 5017 is
794 4955 851 5036 qui
881 4953 981 5018 verba
1010 4954 1155 5018 faciebat
1182 4977 1300 5019 annon.
1344 4955 1471 5020 Verum
1501 4957 1536 5017 in
1567 4956 1755 5036 tetralogiis
