<?xml version="1.0" encoding="UTF-8"?>
<!DOCTYPE html PUBLIC "-//W3C//DTD XHTML 1.0 Transitional//EN"
    "http://www.w3.org/TR/xhtml1/DTD/xhtml1-transitional.dtd">
<html xmlns="http://www.w3.org/1999/xhtml" xml:lang="en" lang="en">
 <head>
  <title>
</title>
<meta http-equiv="Content-Type" content="text/html;charset=utf-8" />
  <meta name='ocr-system' content='tesseract 3.04.00' />
  <meta name='ocr-capabilities' content='ocr_page ocr_carea ocr_par ocr_line ocrx_word'/>
</head>
<body>
  <div class='ocr_page' id='page_1' title='image "./deantiphontisrh00bothgoog_0019.png"; bbox 0 0 4120 5526; ppageno 0'>
   <div class='ocr_carea' id='block_1_1' title="bbox 14 523 1864 1480">
    <p class='ocr_par' dir='ltr' id='par_1_1' title="bbox 22 523 1796 709">
     <span class='ocr_line' id='line_1_1' title="bbox 22 523 1796 613; baseline 0.002 -26.017"><span class='ocrx_word' id='word_1_1' title='bbox 22 523 67 587; x_wconf 67' lang='grc' dir='ltr'>ἷστ</span> <span class='ocrx_word' id='word_1_2' title='bbox 69 527 99 587; x_wconf 77' lang='lat' dir='ltr'>ul</span> <span class='ocrx_word' id='word_1_3' title='bbox 115 573 122 586; x_wconf 94' lang='lat'><strong>.</strong></span> <span class='ocrx_word' id='word_1_4' title='bbox 139 571 146 587; x_wconf 93' lang='lat'><strong>.</strong></span> <span class='ocrx_word' id='word_1_5' title='bbox 163 576 170 589; x_wconf 91' lang='lat'><strong>.</strong></span> <span class='ocrx_word' id='word_1_6' title='bbox 189 572 197 586; x_wconf 92' lang='lat'><strong>.</strong></span> <span class='ocrx_word' id='word_1_7' title='bbox 214 527 307 609; x_wconf 76' lang='grc' dir='ltr'><em>κριταὶ</em></span> <span class='ocrx_word' id='word_1_8' title='bbox 330 529 388 587; x_wconf 85' lang='grc' dir='ltr'>τών</span> <span class='ocrx_word' id='word_1_9' title='bbox 410 523 541 612; x_wconf 80' lang='grc' dir='ltr'><em>ἀληδών.</em></span> <span class='ocrx_word' id='word_1_10' title='bbox 584 525 662 588; x_wconf 90' lang='lat' dir='ltr'>Alia</span> <span class='ocrx_word' id='word_1_11' title='bbox 685 534 761 589; x_wconf 91' lang='lat' dir='ltr'>sunt</span> <span class='ocrx_word' id='word_1_12' title='bbox 776 524 821 606; x_wconf 91' lang='lat' dir='ltr'>V,</span> <span class='ocrx_word' id='word_1_13' title='bbox 843 523 883 587; x_wconf 78' lang='lat'>32</span> <span class='ocrx_word' id='word_1_14' title='bbox 905 523 1066 609; x_wconf 80' lang='grc' dir='ltr'><em>ἐπιτιμητοά</em></span> <span class='ocrx_word' id='word_1_15' title='bbox 1090 531 1148 587; x_wconf 84' lang='grc' dir='ltr'>τῶν</span> <span class='ocrx_word' id='word_1_16' title='bbox 1170 527 1383 610; x_wconf 76' lang='grc' dir='ltr'><em>συμφερόντων</em></span> <span class='ocrx_word' id='word_1_17' title='bbox 1406 551 1453 589; x_wconf 81' lang='grc' dir='ltr'>και</span> <span class='ocrx_word' id='word_1_18' title='bbox 1445 523 1690 609; x_wconf 74' lang='grc' dir='ltr'><em>βασανισταὶ</em></span> <span class='ocrx_word' id='word_1_19' title='bbox 1673 551 1796 613; x_wconf 84' lang='grc' dir='ltr'><em>ησαν..</em></span> 
     </span>
     <span class='ocr_line' id='line_1_2' title="bbox 20 611 1370 709; baseline 0.001 -23.01"><span class='ocrx_word' id='word_1_20' title='bbox 20 611 77 705; x_wconf 87' lang='lat' dir='ltr'>JV</span> <span class='ocrx_word' id='word_1_21' title='bbox 97 627 153 688; x_wconf 83' lang='grc'>47;</span> <span class='ocrx_word' id='word_1_22' title='bbox 177 629 236 686; x_wconf 86' lang='grc' dir='ltr'>τῶν</span> <span class='ocrx_word' id='word_1_23' title='bbox 253 625 311 706; x_wconf 87' lang='grc' dir='ltr'>μὲν</span> <span class='ocrx_word' id='word_1_24' title='bbox 333 624 429 705; x_wconf 82' lang='grc' dir='ltr'><em>λόγων</em></span> <span class='ocrx_word' id='word_1_25' title='bbox 450 624 552 709; x_wconf 85' lang='grc' dir='ltr'><em>κριτὰς</em></span> <span class='ocrx_word' id='word_1_26' title='bbox 571 621 754 704; x_wconf 74' lang='grc' dir='ltr'><em>γενέσθαι..</em></span> <span class='ocrx_word' id='word_1_27' title='bbox 770 629 853 688; x_wconf 85' lang='grc' dir='ltr'><em>,τών</em></span> <span class='ocrx_word' id='word_1_28' title='bbox 875 621 950 685; x_wconf 79' lang='grc' dir='ltr'>δὲ”</span> <span class='ocrx_word' id='word_1_29' title='bbox 932 647 1030 707; x_wconf 89' lang='grc' dir='ltr'><em>εργων</em></span> <span class='ocrx_word' id='word_1_30' title='bbox 1052 625 1186 687; x_wconf 82' lang='grc' dir='ltr'><em>δικασταὶ</em></span> <span class='ocrx_word' id='word_1_31' title='bbox 1208 622 1370 706; x_wconf 80' lang='grc' dir='ltr'><em>ἐγίγνεσδε.</em></span> 
     </span>
    </p>

    <p class='ocr_par' dir='ltr' id='par_1_2' title="bbox 19 679 1864 1480">
     <span class='ocr_line' id='line_1_3' title="bbox 19 679 1819 808; baseline 0.004 -24"><span class='ocrx_word' id='word_1_32' title='bbox 19 679 22 802; x_wconf 85' lang='lat' dir='ltr'>J</span> <span class='ocrx_word' id='word_1_33' title='bbox 185 719 305 805; x_wconf 85' lang='lat' dir='ltr'>Neque</span> <span class='ocrx_word' id='word_1_34' title='bbox 331 731 442 785; x_wconf 90' lang='lat' dir='ltr'>autem</span> <span class='ocrx_word' id='word_1_35' title='bbox 465 722 595 786; x_wconf 88' lang='lat' dir='ltr'>silentio</span> <span class='ocrx_word' id='word_1_36' title='bbox 618 721 837 787; x_wconf 90' lang='lat' dir='ltr'>omittendum</span> <span class='ocrx_word' id='word_1_37' title='bbox 861 732 910 786; x_wconf 92' lang='lat' dir='ltr'>est</span> <span class='ocrx_word' id='word_1_38' title='bbox 931 722 1032 786; x_wconf 87' lang='lat' dir='ltr'>verba</span> <span class='ocrx_word' id='word_1_39' title='bbox 1053 726 1157 787; x_wconf 91' lang='lat' dir='ltr'>multa</span> <span class='ocrx_word' id='word_1_40' title='bbox 1168 719 1398 808; x_wconf 81' lang='lat' dir='ltr'>Antiphontea</span> <span class='ocrx_word' id='word_1_41' title='bbox 1413 746 1498 807; x_wconf 88' lang='lat' dir='ltr'>qnae</span> <span class='ocrx_word' id='word_1_42' title='bbox 1512 725 1647 807; x_wconf 89' lang='lat' dir='ltr'>quidem</span> <span class='ocrx_word' id='word_1_43' title='bbox 1662 751 1681 790; x_wconf 92' lang='lat' dir='ltr'>a</span> <span class='ocrx_word' id='word_1_44' title='bbox 1701 751 1736 791; x_wconf 88' lang='lat' dir='ltr'>ce</span> <span class='ocrx_word' id='word_1_45' title='bbox 1740 729 1819 793; x_wconf 89' lang='lat' dir='ltr'>teris</span> 
     </span>
     <span class='ocr_line' id='line_1_4' title="bbox 19 817 1819 940; baseline 0.007 -62"><span class='ocrx_word' id='word_1_46' title='bbox 19 817 191 886; x_wconf 58' lang='lat' dir='ltr'>:orationis</span> <span class='ocrx_word' id='word_1_47' title='bbox 206 821 370 905; x_wconf 81' lang='lat' dir='ltr'>pedestris</span> <span class='ocrx_word' id='word_1_48' title='bbox 380 822 568 885; x_wconf 82' lang='lat' dir='ltr'>Atticorum</span> <span class='ocrx_word' id='word_1_49' title='bbox 591 822 804 934; x_wconf 81' lang='lat' dir='ltr'><strong>scriptoribus</strong></span> <span class='ocrx_word' id='word_1_50' title='bbox 827 825 952 886; x_wconf 81' lang='lat' dir='ltr'>evitata</span> <span class='ocrx_word' id='word_1_51' title='bbox 974 831 1051 887; x_wconf 88' lang='lat' dir='ltr'>sunt</span> <span class='ocrx_word' id='word_1_52' title='bbox 1073 823 1163 907; x_wconf 90' lang='lat' dir='ltr'>apud</span> <span class='ocrx_word' id='word_1_53' title='bbox 1175 823 1433 908; x_wconf 72' lang='lat' dir='ltr'>Xenophontem</span> <span class='ocrx_word' id='word_1_54' title='bbox 1456 832 1596 905; x_wconf 84' lang='lat' dir='ltr'>exstare,</span> <span class='ocrx_word' id='word_1_55' title='bbox 1620 839 1819 940; x_wconf 87' lang='lat' dir='ltr'>quamquam</span> 
     </span>
     <span class='ocr_line' id='line_1_5' title="bbox 18 915 1864 1034; baseline 0.004 -50.065"><span class='ocrx_word' id='word_1_56' title='bbox 18 917 314 984; x_wconf 87' lang='lat' dir='ltr'>consectationem</span> <span class='ocrx_word' id='word_1_57' title='bbox 336 919 437 984; x_wconf 91' lang='lat' dir='ltr'>verba</span> <span class='ocrx_word' id='word_1_58' title='bbox 459 943 478 983; x_wconf 91' lang='lat' dir='ltr'>a</span> <span class='ocrx_word' id='word_1_59' title='bbox 501 921 664 1017; x_wconf 88' lang='lat' dir='ltr'>communi</span> <span class='ocrx_word' id='word_1_60' title='bbox 692 944 756 986; x_wconf 91' lang='lat' dir='ltr'>usu</span> <span class='ocrx_word' id='word_1_61' title='bbox 783 931 908 986; x_wconf 91' lang='lat' dir='ltr'>remota</span> <span class='ocrx_word' id='word_1_62' title='bbox 931 922 1132 1034; x_wconf 80' lang='lat' dir='ltr'>adhibendi,</span> <span class='ocrx_word' id='word_1_63' title='bbox 1165 946 1264 1006; x_wconf 90' lang='lat' dir='ltr'>quam</span> <span class='ocrx_word' id='word_1_64' title='bbox 1295 925 1329 986; x_wconf 91' lang='lat' dir='ltr'>in</span> <span class='ocrx_word' id='word_1_65' title='bbox 1351 923 1560 1008; x_wconf 90' lang='lat' dir='ltr'>Antiphonte</span> <span class='ocrx_word' id='word_1_66' title='bbox 1595 928 1818 1012; x_wconf 85' lang='lat' dir='ltr'>cognovimus,</span> <span class='ocrx_word' id='word_1_67' title='bbox 1859 915 1864 923; x_wconf 45' lang='lat'>¹</span> 
     </span>
     <span class='ocr_line' id='line_1_6' title="bbox 17 1015 1818 1118; baseline 0.005 -37.101"><span class='ocrx_word' id='word_1_68' title='bbox 17 1015 90 1102; x_wconf 83' lang='lat' dir='ltr'>Jvix</span> <span class='ocrx_word' id='word_1_69' title='bbox 114 1019 143 1082; x_wconf 92' lang='lat' dir='ltr'>ei</span> <span class='ocrx_word' id='word_1_70' title='bbox 165 1018 376 1082; x_wconf 79' lang='lat' dir='ltr'>tribuendam</span> <span class='ocrx_word' id='word_1_71' title='bbox 398 1041 470 1084; x_wconf 89' lang='grc'><strong>6666</strong></span> <span class='ocrx_word' id='word_1_72' title='bbox 492 1019 622 1084; x_wconf 91' lang='lat' dir='ltr'>scimus.</span> <span class='ocrx_word' id='word_1_73' title='bbox 666 1019 785 1106; x_wconf 84' lang='lat' dir='ltr'>Itaque</span> <span class='ocrx_word' id='word_1_74' title='bbox 808 1022 888 1084; x_wconf 86' lang='lat' dir='ltr'>talia</span> <span class='ocrx_word' id='word_1_75' title='bbox 911 1022 941 1085; x_wconf 91' lang='grc'>61</span> <span class='ocrx_word' id='word_1_76' title='bbox 963 1023 1051 1086; x_wconf 89' lang='grc' dir='ltr'><strong>ν1νο6</strong></span> <span class='ocrx_word' id='word_1_77' title='bbox 1080 1022 1196 1087; x_wconf 83' lang='grc' dir='ltr'><strong>(16ο1ο6</strong></span> <span class='ocrx_word' id='word_1_78' title='bbox 1227 1023 1309 1086; x_wconf 85' lang='lat' dir='ltr'>vitio</span> <span class='ocrx_word' id='word_1_79' title='bbox 1342 1022 1473 1087; x_wconf 92' lang='lat' dir='ltr'>haud</span> <span class='ocrx_word' id='word_1_80' title='bbox 1461 1045 1535 1107; x_wconf 82' lang='lat' dir='ltr'>Jnre</span> <span class='ocrx_word' id='word_1_81' title='bbox 1567 1033 1649 1106; x_wconf 92' lang='lat' dir='ltr'>puto</span> <span class='ocrx_word' id='word_1_82' title='bbox 1683 1035 1818 1118; x_wconf 84' lang='lat' dir='ltr'>vertere,</span> 
     </span>
     <span class='ocr_line' id='line_1_7' title="bbox 16 1047 1819 1234; baseline 0.005 -54.086"><span class='ocrx_word' id='word_1_83' title='bbox 16 1103 227 1214; x_wconf 84' lang='lat' dir='ltr'>Jpraesertim</span> <span class='ocrx_word' id='word_1_84' title='bbox 250 1140 324 1181; x_wconf 92' lang='lat' dir='ltr'>cum</span> <span class='ocrx_word' id='word_1_85' title='bbox 345 1120 380 1180; x_wconf 89' lang='lat' dir='ltr'>in</span> <span class='ocrx_word' id='word_1_86' title='bbox 400 1140 536 1182; x_wconf 93' lang='lat' dir='ltr'>numero</span> <span class='ocrx_word' id='word_1_87' title='bbox 568 1139 681 1181; x_wconf 92' lang='lat' dir='ltr'>eorum</span> <span class='ocrx_word' id='word_1_88' title='bbox 711 1120 754 1183; x_wconf 87' lang='lat' dir='ltr'>sit</span> <span class='ocrx_word' id='word_1_89' title='bbox 775 1118 949 1203; x_wconf 77' lang='lat' dir='ltr'>Antiphon</span> <span class='ocrx_word' id='word_1_90' title='bbox 978 1121 1036 1203; x_wconf 91' lang='lat' dir='ltr'>qui</span> <span class='ocrx_word' id='word_1_91' title='bbox 1065 1122 1162 1234; x_wconf 86' lang='lat' dir='ltr'>primi</span> <span class='ocrx_word' id='word_1_92' title='bbox 1189 1122 1331 1186; x_wconf 88' lang='lat' dir='ltr'>orationi</span> <span class='ocrx_word' id='word_1_93' title='bbox 1353 1047 1498 1206; x_wconf 84' lang='lat' dir='ltr'>podest</span> <span class='ocrx_word' id='word_1_94' title='bbox 1473 1144 1500 1185; x_wconf 86' lang='lat' dir='ltr'>rr</span> <span class='ocrx_word' id='word_1_95' title='bbox 1523 1144 1656 1205; x_wconf 88' lang='lat' dir='ltr'>operam</span> <span class='ocrx_word' id='word_1_96' title='bbox 1678 1148 1819 1189; x_wconf 80' lang='lat' dir='ltr'>navave-</span> 
     </span>
     <span class='ocr_line' id='line_1_8' title="bbox 15 1215 1818 1298; baseline 0.004 -19.075"><span class='ocrx_word' id='word_1_97' title='bbox 15 1219 110 1298; x_wconf 83' lang='lat' dir='ltr'>{rint</span> <span class='ocrx_word' id='word_1_98' title='bbox 156 1215 286 1298; x_wconf 82' lang='lat' dir='ltr'>Quam</span> <span class='ocrx_word' id='word_1_99' title='bbox 309 1239 343 1280; x_wconf 91' lang='lat' dir='ltr'>re</span> <span class='ocrx_word' id='word_1_100' title='bbox 365 1217 531 1281; x_wconf 85' lang='lat' dir='ltr'>interdum</span> <span class='ocrx_word' id='word_1_101' title='bbox 554 1240 610 1282; x_wconf 88' lang='lat' dir='ltr'>eos</span> <span class='ocrx_word' id='word_1_102' title='bbox 632 1239 692 1281; x_wconf 90' lang='lat' dir='ltr'>suo</span> <span class='ocrx_word' id='word_1_103' title='bbox 714 1217 850 1282; x_wconf 83' lang='lat' dir='ltr'>arbitrio</span> <span class='ocrx_word' id='word_1_104' title='bbox 873 1220 1009 1285; x_wconf 82' lang='lat' dir='ltr'>cessisse</span> <span class='ocrx_word' id='word_1_105' title='bbox 1032 1229 1065 1283; x_wconf 90' lang='lat' dir='ltr'>et</span> <span class='ocrx_word' id='word_1_106' title='bbox 1087 1222 1195 1285; x_wconf 89' lang='lat' dir='ltr'>minus</span> <span class='ocrx_word' id='word_1_107' title='bbox 1218 1243 1422 1284; x_wconf 88' lang='lat' dir='ltr'>communem</span> <span class='ocrx_word' id='word_1_108' title='bbox 1444 1221 1613 1284; x_wconf 90' lang='lat' dir='ltr'>hominnm</span> <span class='ocrx_word' id='word_1_109' title='bbox 1636 1245 1818 1288; x_wconf 88' lang='lat' dir='ltr'>sermonem</span> 
     </span>
     <span class='ocr_line' id='line_1_9' title="bbox 14 1299 1820 1404; baseline 0.003 -24.074"><span class='ocrx_word' id='word_1_110' title='bbox 14 1299 227 1396; x_wconf 84' lang='lat' dir='ltr'>Jobservasse</span> <span class='ocrx_word' id='word_1_111' title='bbox 264 1317 339 1399; x_wconf 91' lang='lat' dir='ltr'>quis</span> <span class='ocrx_word' id='word_1_112' title='bbox 382 1326 432 1382; x_wconf 90' lang='lat' dir='ltr'>est</span> <span class='ocrx_word' id='word_1_113' title='bbox 468 1317 525 1400; x_wconf 92' lang='lat' dir='ltr'>qui</span> <span class='ocrx_word' id='word_1_114' title='bbox 561 1315 748 1402; x_wconf 80' lang='lat' dir='ltr'>vituperet?</span> <span class='ocrx_word' id='word_1_115' title='bbox 803 1317 922 1382; x_wconf 87' lang='lat' dir='ltr'>Nonne</span> <span class='ocrx_word' id='word_1_116' title='bbox 957 1321 991 1382; x_wconf 90' lang='lat' dir='ltr'>in</span> <span class='ocrx_word' id='word_1_117' title='bbox 1027 1319 1163 1383; x_wconf 88' lang='lat' dir='ltr'>aliarum</span> <span class='ocrx_word' id='word_1_118' title='bbox 1199 1321 1316 1383; x_wconf 90' lang='lat' dir='ltr'>artium</span> <span class='ocrx_word' id='word_1_119' title='bbox 1360 1319 1493 1404; x_wconf 84' lang='lat' dir='ltr'>regione</span> <span class='ocrx_word' id='word_1_120' title='bbox 1535 1320 1626 1384; x_wconf 92' lang='lat' dir='ltr'>idem</span> <span class='ocrx_word' id='word_1_121' title='bbox 1660 1323 1820 1389; x_wconf 90' lang='lat' dir='ltr'>accidisse</span> 
     </span>
     <span class='ocr_line' id='line_1_10' title="bbox 14 1411 257 1480; baseline 0.006 -3.141"><span class='ocrx_word' id='word_1_122' title='bbox 14 1411 257 1480; x_wconf 66' lang='lat' dir='ltr'>constatl</span> 
     </span>
    </p>
   </div>
   <div class='ocr_carea' id='block_1_2' title="bbox 7 1515 1822 5080">
    <p class='ocr_par' dir='ltr' id='par_1_3' title="bbox 7 1515 1822 4374">
     <span class='ocr_line' id='line_1_11' title="bbox 12 1515 1820 1703; baseline 0.007 -31"><span class='ocrx_word' id='word_1_123' title='bbox 12 1603 83 1690; x_wconf 81' lang='lat' dir='ltr'>Jrei</span> <span class='ocrx_word' id='word_1_124' title='bbox 106 1612 304 1695; x_wconf 85' lang='lat' dir='ltr'>premendae</span> <span class='ocrx_word' id='word_1_125' title='bbox 339 1635 438 1677; x_wconf 88' lang='lat' dir='ltr'>causa</span> <span class='ocrx_word' id='word_1_126' title='bbox 464 1515 613 1697; x_wconf 81' lang='lat' dir='ltr'>pluribus</span> <span class='ocrx_word' id='word_1_127' title='bbox 641 1613 750 1678; x_wconf 91' lang='lat' dir='ltr'>verbis</span> <span class='ocrx_word' id='word_1_128' title='bbox 776 1637 855 1679; x_wconf 86' lang='lat' dir='ltr'>usus</span> <span class='ocrx_word' id='word_1_129' title='bbox 884 1615 1037 1680; x_wconf 86' lang='lat' dir='ltr'>adhibuit</span> <span class='ocrx_word' id='word_1_130' title='bbox 1069 1617 1209 1703; x_wconf 84' lang='lat' dir='ltr'>vestigia</span> <span class='ocrx_word' id='word_1_131' title='bbox 1242 1617 1462 1700; x_wconf 84' lang='lat' dir='ltr'>sophistarum</span> <span class='ocrx_word' id='word_1_132' title='bbox 1495 1543 1688 1700; x_wconf 84' lang='lat' dir='ltr'>disciplinae</span> <span class='ocrx_word' id='word_1_133' title='bbox 1721 1620 1820 1684; x_wconf 86' lang='lat' dir='ltr'>cerni.</span> 
     </span>
     <span class='ocr_line' id='line_1_12' title="bbox 38 1709 1820 1802; baseline 0.006 -28.851"><span class='ocrx_word' id='word_1_134' title='bbox 38 1709 138 1773; x_wconf 89' lang='lat' dir='ltr'>Cadit</span> <span class='ocrx_word' id='word_1_135' title='bbox 161 1710 222 1775; x_wconf 93' lang='lat' dir='ltr'>hoc</span> <span class='ocrx_word' id='word_1_136' title='bbox 244 1713 385 1775; x_wconf 83' lang='lat' dir='ltr'>maxime</span> <span class='ocrx_word' id='word_1_137' title='bbox 406 1713 440 1774; x_wconf 94' lang='lat' dir='ltr'>in</span> <span class='ocrx_word' id='word_1_138' title='bbox 464 1734 518 1777; x_wconf 90' lang='lat' dir='ltr'>eas</span> <span class='ocrx_word' id='word_1_139' title='bbox 541 1715 743 1776; x_wconf 85' lang='lat' dir='ltr'>elocutiones</span> <span class='ocrx_word' id='word_1_140' title='bbox 765 1713 886 1796; x_wconf 91' lang='lat' dir='ltr'>quibus</span> <span class='ocrx_word' id='word_1_141' title='bbox 909 1737 1005 1780; x_wconf 85' lang='lat' dir='ltr'>voces</span> <span class='ocrx_word' id='word_1_142' title='bbox 1028 1717 1176 1802; x_wconf 83' lang='lat' dir='ltr'>singulae</span> <span class='ocrx_word' id='word_1_143' title='bbox 1198 1717 1285 1778; x_wconf 90' lang='lat' dir='ltr'>inter</span> <span class='ocrx_word' id='word_1_144' title='bbox 1306 1737 1341 1780; x_wconf 90' lang='lat' dir='ltr'>se</span> <span class='ocrx_word' id='word_1_145' title='bbox 1365 1717 1537 1801; x_wconf 87' lang='lat' dir='ltr'>oppositae</span> <span class='ocrx_word' id='word_1_146' title='bbox 1562 1727 1653 1796; x_wconf 92' lang='lat' dir='ltr'>sunt;</span> <span class='ocrx_word' id='word_1_147' title='bbox 1690 1741 1756 1801; x_wconf 91' lang='lat' dir='ltr'>qua</span> <span class='ocrx_word' id='word_1_148' title='bbox 1785 1721 1820 1784; x_wconf 92' lang='lat' dir='ltr'>in</span> 
     </span>
     <span class='ocr_line' id='line_1_13' title="bbox 10 1807 1820 1902; baseline 0.006 -32"><span class='ocrx_word' id='word_1_149' title='bbox 10 1828 12 1848; x_wconf 83' lang='lat'>³</span> <span class='ocrx_word' id='word_1_150' title='bbox 36 1830 70 1871; x_wconf 94' lang='lat' dir='ltr'>:e</span> <span class='ocrx_word' id='word_1_151' title='bbox 94 1807 260 1874; x_wconf 87' lang='lat' dir='ltr'>subtilitas</span> <span class='ocrx_word' id='word_1_152' title='bbox 282 1811 454 1874; x_wconf 91' lang='lat' dir='ltr'>notionum</span> <span class='ocrx_word' id='word_1_153' title='bbox 477 1810 738 1874; x_wconf 82' lang='lat' dir='ltr'>definiendarum</span> <span class='ocrx_word' id='word_1_154' title='bbox 758 1815 867 1875; x_wconf 89' lang='lat' dir='ltr'>locum</span> <span class='ocrx_word' id='word_1_155' title='bbox 888 1813 1014 1878; x_wconf 86' lang='lat' dir='ltr'>habuit.</span> <span class='ocrx_word' id='word_1_156' title='bbox 1057 1815 1145 1879; x_wconf 87' lang='lat' dir='ltr'>Nam</span> <span class='ocrx_word' id='word_1_157' title='bbox 1167 1815 1284 1879; x_wconf 91' lang='lat' dir='ltr'>eodem</span> <span class='ocrx_word' id='word_1_158' title='bbox 1306 1815 1405 1879; x_wconf 90' lang='lat' dir='ltr'>modo</span> <span class='ocrx_word' id='word_1_159' title='bbox 1427 1838 1493 1898; x_wconf 91' lang='lat' dir='ltr'>quo</span> <span class='ocrx_word' id='word_1_160' title='bbox 1514 1816 1738 1902; x_wconf 83' lang='lat' dir='ltr'>Thucydides,</span> <span class='ocrx_word' id='word_1_161' title='bbox 1761 1819 1820 1900; x_wconf 91' lang='lat' dir='ltr'>qui</span> 
     </span>
     <span class='ocr_line' id='line_1_14' title="bbox 9 1907 1820 1999; baseline 0.006 -28"><span class='ocrx_word' id='word_1_162' title='bbox 9 1907 169 1972; x_wconf 77' lang='lat' dir='ltr'>Prodici</span> <span class='ocrx_word' id='word_1_163' title='bbox 191 1909 461 1974; x_wconf 87' lang='lat' dir='ltr'>consuetudinem</span> <span class='ocrx_word' id='word_1_164' title='bbox 483 1911 655 1974; x_wconf 91' lang='lat' dir='ltr'>notionum</span> <span class='ocrx_word' id='word_1_165' title='bbox 678 1910 986 1996; x_wconf 82' lang='lat' dir='ltr'>distinguendarum</span> <span class='ocrx_word' id='word_1_166' title='bbox 1009 1915 1204 1999; x_wconf 87' lang='lat' dir='ltr'>cognovisse</span> <span class='ocrx_word' id='word_1_167' title='bbox 1227 1923 1260 1978; x_wconf 92' lang='lat' dir='ltr'>et</span> <span class='ocrx_word' id='word_1_168' title='bbox 1282 1914 1431 1978; x_wconf 87' lang='lat' dir='ltr'>imitatus</span> <span class='ocrx_word' id='word_1_169' title='bbox 1462 1938 1533 1980; x_wconf 93' lang='lat' dir='ltr'>esse</span> <span class='ocrx_word' id='word_1_170' title='bbox 1566 1918 1714 1999; x_wconf 85' lang='lat' dir='ltr'>videtur,</span> <span class='ocrx_word' id='word_1_171' title='bbox 1745 1920 1820 1982; x_wconf 91' lang='lat' dir='ltr'>loco</span> 
     </span>
     <span class='ocr_line' id='line_1_15' title="bbox 8 2007 1819 2100; baseline 0.006 -31"><span class='ocrx_word' id='word_1_172' title='bbox 8 2007 177 2072; x_wconf 87' lang='lat' dir='ltr'>verbalis</span> <span class='ocrx_word' id='word_1_173' title='bbox 199 2016 383 2072; x_wconf 86' lang='lat' dir='ltr'>structurae</span> <span class='ocrx_word' id='word_1_174' title='bbox 404 2009 560 2093; x_wconf 88' lang='lat' dir='ltr'>simplicis</span> <span class='ocrx_word' id='word_1_175' title='bbox 582 2009 774 2075; x_wconf 90' lang='lat' dir='ltr'>notionibus</span> <span class='ocrx_word' id='word_1_176' title='bbox 794 2010 945 2093; x_wconf 89' lang='lat' dir='ltr'>pluribus</span> <span class='ocrx_word' id='word_1_177' title='bbox 967 2012 1076 2077; x_wconf 87' lang='lat' dir='ltr'>verbis</span> <span class='ocrx_word' id='word_1_178' title='bbox 1100 2012 1363 2095; x_wconf 88' lang='lat' dir='ltr'>circumscriptis,</span> <span class='ocrx_word' id='word_1_179' title='bbox 1386 2035 1484 2077; x_wconf 85' lang='lat' dir='ltr'>voces</span> <span class='ocrx_word' id='word_1_180' title='bbox 1499 2016 1585 2078; x_wconf 90' lang='lat' dir='ltr'>inter</span> <span class='ocrx_word' id='word_1_181' title='bbox 1600 2039 1636 2080; x_wconf 92' lang='lat' dir='ltr'>se</span> <span class='ocrx_word' id='word_1_182' title='bbox 1653 2039 1819 2100; x_wconf 90' lang='lat' dir='ltr'>opponere</span> 
     </span>
     <span class='ocr_line' id='line_1_16' title="bbox 7 2105 1818 2197; baseline 0.005 -27"><span class='ocrx_word' id='word_1_183' title='bbox 7 2118 9 2170; x_wconf 88' lang='lat' dir='ltr'>l</span> <span class='ocrx_word' id='word_1_184' title='bbox 37 2109 121 2170; x_wconf 88' lang='lat' dir='ltr'>solet</span> <span class='ocrx_word' id='word_1_185' title='bbox 143 2110 233 2170; x_wconf 85' lang='lat' dir='ltr'>velut</span> <span class='ocrx_word' id='word_1_186' title='bbox 255 2106 324 2188; x_wconf 91' lang='lat' dir='ltr'>III,</span> <span class='ocrx_word' id='word_1_187' title='bbox 345 2108 395 2188; x_wconf 87' lang='lat'>38,</span> <span class='ocrx_word' id='word_1_188' title='bbox 416 2110 450 2171; x_wconf 90' lang='lat'>4:</span> <span class='ocrx_word' id='word_1_189' title='bbox 481 2105 643 2192; x_wconf 65' lang='grc' dir='ltr'><strong>(1εατο111με</strong></span> <span class='ocrx_word' id='word_1_190' title='bbox 629 2132 661 2171; x_wconf 93' lang='grc' dir='ltr'>ν</span> <span class='ocrx_word' id='word_1_191' title='bbox 683 2115 742 2172; x_wconf 85' lang='grc' dir='ltr'>τῶν</span> <span class='ocrx_word' id='word_1_192' title='bbox 764 2109 1047 2197; x_wconf 84' lang='grc' dir='ltr'><strong>λ(1γων,ἀκροατο1</strong></span> <span class='ocrx_word' id='word_1_193' title='bbox 1069 2112 1105 2174; x_wconf 85' lang='grc' dir='ltr'>δὲ</span> <span class='ocrx_word' id='word_1_194' title='bbox 1130 2135 1225 2174; x_wconf 93' lang='grc' dir='ltr'>των</span> <span class='ocrx_word' id='word_1_195' title='bbox 1212 2109 1319 2197; x_wconf 80' lang='grc' dir='ltr'><em>ἔργων,</em></span> <span class='ocrx_word' id='word_1_196' title='bbox 1350 2111 1524 2194; x_wconf 84' lang='lat' dir='ltr'>Antiphon</span> <span class='ocrx_word' id='word_1_197' title='bbox 1547 2112 1725 2197; x_wconf 83' lang='lat' dir='ltr'>distinguit</span> <span class='ocrx_word' id='word_1_198' title='bbox 1746 2119 1818 2179; x_wconf 93' lang='lat' dir='ltr'>loco</span> 
     </span>
     <span class='ocr_line' id='line_1_17' title="bbox 7 2206 1817 2298; baseline 0.002 -26.052"><span class='ocrx_word' id='word_1_199' title='bbox 7 2213 136 2290; x_wconf 83' lang='lat' dir='ltr'>Jsupra</span> <span class='ocrx_word' id='word_1_200' title='bbox 157 2206 293 2270; x_wconf 87' lang='lat' dir='ltr'>laudato</span> <span class='ocrx_word' id='word_1_201' title='bbox 308 2207 352 2288; x_wconf 91' lang='lat' dir='ltr'>V,</span> <span class='ocrx_word' id='word_1_202' title='bbox 373 2210 429 2271; x_wconf 92' lang='grc'><em>47.</em></span> <span class='ocrx_word' id='word_1_203' title='bbox 452 2213 511 2271; x_wconf 84' lang='grc' dir='ltr'>τῶν</span> <span class='ocrx_word' id='word_1_204' title='bbox 532 2208 628 2289; x_wconf 85' lang='grc' dir='ltr'><em>λόγων</em></span> <span class='ocrx_word' id='word_1_205' title='bbox 649 2211 783 2294; x_wconf 87' lang='grc' dir='ltr'><em>κριταί..</em></span> <span class='ocrx_word' id='word_1_206' title='bbox 795 2216 909 2275; x_wconf 86' lang='grc' dir='ltr'><em>,τῶν</em></span> <span class='ocrx_word' id='word_1_207' title='bbox 896 2209 992 2296; x_wconf 78' lang='grc' dir='ltr'><em>ἔργων</em></span> <span class='ocrx_word' id='word_1_208' title='bbox 1014 2212 1156 2275; x_wconf 90' lang='grc' dir='ltr'><em>δικασταί.</em></span> <span class='ocrx_word' id='word_1_209' title='bbox 1182 2250 1223 2259; x_wconf 95' lang='grc'>-</span> <span class='ocrx_word' id='word_1_210' title='bbox 1244 2210 1288 2292; x_wconf 89' lang='lat' dir='ltr'>V,</span> <span class='ocrx_word' id='word_1_211' title='bbox 1310 2213 1365 2276; x_wconf 82' lang='lat'>94:</span> <span class='ocrx_word' id='word_1_212' title='bbox 1390 2213 1586 2298; x_wconf 78' lang='grc' dir='ltr'><em>γνωρισταὶ.</em></span> <span class='ocrx_word' id='word_1_213' title='bbox 1601 2213 1817 2280; x_wconf 73' lang='grc' dir='ltr'><em>δικασταί...</em></span> 
     </span>
     <span class='ocr_line' id='line_1_18' title="bbox 36 2258 1818 2423; baseline 0.006 -56"><span class='ocrx_word' id='word_1_214' title='bbox 36 2305 215 2376; x_wconf 76' lang='grc' dir='ltr'><em>δοξασταέ..</em></span> <span class='ocrx_word' id='word_1_215' title='bbox 229 2307 352 2391; x_wconf 78' lang='grc' dir='ltr'>Ικριταὶ,</span> <span class='ocrx_word' id='word_1_216' title='bbox 375 2305 496 2388; x_wconf 90' lang='lat' dir='ltr'>quibus</span> <span class='ocrx_word' id='word_1_217' title='bbox 516 2306 625 2372; x_wconf 86' lang='lat' dir='ltr'>verbis</span> <span class='ocrx_word' id='word_1_218' title='bbox 639 2330 705 2371; x_wconf 92' lang='lat' dir='ltr'>non</span> <span class='ocrx_word' id='word_1_219' title='bbox 719 2308 827 2374; x_wconf 92' lang='lat' dir='ltr'>minus</span> <span class='ocrx_word' id='word_1_220' title='bbox 842 2311 1112 2405; x_wconf 85' lang='lat' dir='ltr'>artificiositatis</span> <span class='ocrx_word' id='word_1_221' title='bbox 1105 2334 1212 2379; x_wconf 87' lang='lat' dir='ltr'>messe</span> <span class='ocrx_word' id='word_1_222' title='bbox 1227 2258 1307 2376; x_wconf 87' lang='lat' dir='ltr'>mihi</span> <span class='ocrx_word' id='word_1_223' title='bbox 1323 2311 1415 2377; x_wconf 82' lang='lat' dir='ltr'>videt</span> <span class='ocrx_word' id='word_1_224' title='bbox 1402 2321 1456 2376; x_wconf 92' lang='lat' dir='ltr'>tur</span> <span class='ocrx_word' id='word_1_225' title='bbox 1470 2335 1570 2423; x_wconf 86' lang='lat' dir='ltr'>quam</span> <span class='ocrx_word' id='word_1_226' title='bbox 1589 2311 1818 2398; x_wconf 86' lang='lat' dir='ltr'>Thucydideis</span> 
     </span>
     <span class='ocr_line' id='line_1_19' title="bbox 37 2395 1817 2493; baseline 0.003 -24"><span class='ocrx_word' id='word_1_227' title='bbox 37 2427 121 2488; x_wconf 89' lang='lat' dir='ltr'>quae</span> <span class='ocrx_word' id='word_1_228' title='bbox 143 2413 193 2468; x_wconf 91' lang='lat' dir='ltr'>att</span> <span class='ocrx_word' id='word_1_229' title='bbox 180 2404 248 2470; x_wconf 92' lang='lat' dir='ltr'>tuli.</span> <span class='ocrx_word' id='word_1_230' title='bbox 282 2401 368 2469; x_wconf 87' lang='lat' dir='ltr'>Cum</span> <span class='ocrx_word' id='word_1_231' title='bbox 390 2415 501 2469; x_wconf 89' lang='lat' dir='ltr'>autem</span> <span class='ocrx_word' id='word_1_232' title='bbox 522 2395 737 2491; x_wconf 89' lang='lat' dir='ltr'>Thucydides</span> <span class='ocrx_word' id='word_1_233' title='bbox 759 2415 965 2490; x_wconf 87' lang='lat' dir='ltr'>tantoperet</span> <span class='ocrx_word' id='word_1_234' title='bbox 969 2431 1138 2492; x_wconf 90' lang='lat' dir='ltr'>emporum</span> <span class='ocrx_word' id='word_1_235' title='bbox 1161 2410 1392 2474; x_wconf 88' lang='lat' dir='ltr'>consuetudini</span> <span class='ocrx_word' id='word_1_236' title='bbox 1408 2411 1544 2476; x_wconf 89' lang='lat' dir='ltr'>cessisse</span> <span class='ocrx_word' id='word_1_237' title='bbox 1558 2420 1697 2493; x_wconf 88' lang='lat' dir='ltr'>constet,</span> <span class='ocrx_word' id='word_1_238' title='bbox 1718 2413 1817 2476; x_wconf 92' lang='lat' dir='ltr'>Anti-</span> 
     </span>
     <span class='ocr_line' id='line_1_20' title="bbox 34 2505 1818 2592; baseline 0.003 -24"><span class='ocrx_word' id='word_1_239' title='bbox 34 2505 193 2588; x_wconf 89' lang='lat' dir='ltr'>phontem</span> <span class='ocrx_word' id='word_1_240' title='bbox 215 2505 272 2586; x_wconf 92' lang='lat' dir='ltr'>qni</span> <span class='ocrx_word' id='word_1_241' title='bbox 295 2526 333 2568; x_wconf 89' lang='lat' dir='ltr'>eo</span> <span class='ocrx_word' id='word_1_242' title='bbox 356 2507 460 2589; x_wconf 88' lang='lat' dir='ltr'>major</span> <span class='ocrx_word' id='word_1_243' title='bbox 480 2515 561 2569; x_wconf 89' lang='lat' dir='ltr'>natu</span> <span class='ocrx_word' id='word_1_244' title='bbox 584 2515 671 2572; x_wconf 89' lang='lat' dir='ltr'>esset</span> <span class='ocrx_word' id='word_1_245' title='bbox 694 2509 793 2570; x_wconf 88' lang='lat' dir='ltr'>etiarn</span> <span class='ocrx_word' id='word_1_246' title='bbox 816 2507 921 2592; x_wconf 82' lang='lat' dir='ltr'>magis</span> <span class='ocrx_word' id='word_1_247' title='bbox 943 2508 1164 2592; x_wconf 85' lang='lat' dir='ltr'>sophistarum</span> <span class='ocrx_word' id='word_1_248' title='bbox 1187 2509 1233 2571; x_wconf 93' lang='lat' dir='ltr'>illi</span> <span class='ocrx_word' id='word_1_249' title='bbox 1256 2509 1458 2572; x_wconf 86' lang='lat' dir='ltr'>institutioni</span> <span class='ocrx_word' id='word_1_250' title='bbox 1481 2532 1515 2576; x_wconf 91' lang='lat' dir='ltr'>se</span> <span class='ocrx_word' id='word_1_251' title='bbox 1545 2510 1676 2576; x_wconf 86' lang='lat' dir='ltr'>dedisse</span> <span class='ocrx_word' id='word_1_252' title='bbox 1706 2513 1818 2578; x_wconf 84' lang='lat' dir='ltr'>verisi-</span> 
     </span>
     <span class='ocr_line' id='line_1_21' title="bbox 36 2599 1819 2692; baseline 0.006 -27"><span class='ocrx_word' id='word_1_253' title='bbox 36 2603 206 2666; x_wconf 90' lang='lat' dir='ltr'>millimum</span> <span class='ocrx_word' id='word_1_254' title='bbox 229 2612 296 2682; x_wconf 86' lang='lat' dir='ltr'>est3</span> <span class='ocrx_word' id='word_1_255' title='bbox 326 2626 434 2687; x_wconf 91' lang='lat' dir='ltr'>neque</span> <span class='ocrx_word' id='word_1_256' title='bbox 456 2605 573 2669; x_wconf 91' lang='lat' dir='ltr'>mirum</span> <span class='ocrx_word' id='word_1_257' title='bbox 594 2629 654 2671; x_wconf 90' lang='lat' dir='ltr'>nos</span> <span class='ocrx_word' id='word_1_258' title='bbox 677 2599 813 2670; x_wconf 89' lang='lat' dir='ltr'>habebit</span> <span class='ocrx_word' id='word_1_259' title='bbox 835 2605 869 2668; x_wconf 91' lang='lat' dir='ltr'>in</span> <span class='ocrx_word' id='word_1_260' title='bbox 890 2607 1074 2692; x_wconf 84' lang='lat' dir='ltr'>tetralogiis</span> <span class='ocrx_word' id='word_1_261' title='bbox 1096 2607 1194 2691; x_wconf 89' lang='lat' dir='ltr'>hujus</span> <span class='ocrx_word' id='word_1_262' title='bbox 1216 2607 1392 2684; x_wconf 82' lang='lat' dir='ltr'>dqctrinae&#39;</span> <span class='ocrx_word' id='word_1_263' title='bbox 1408 2612 1502 2691; x_wconf 79' lang='lat' dir='ltr'>plura</span> <span class='ocrx_word' id='word_1_264' title='bbox 1524 2631 1623 2692; x_wconf 89' lang='lat' dir='ltr'>quarn</span> <span class='ocrx_word' id='word_1_265' title='bbox 1644 2611 1679 2672; x_wconf 94' lang='lat' dir='ltr'>in</span> <span class='ocrx_word' id='word_1_266' title='bbox 1701 2611 1819 2676; x_wconf 89' lang='lat' dir='ltr'>ceteris</span> 
     </span>
     <span class='ocr_line' id='line_1_22' title="bbox 36 2702 1818 2791; baseline 0.002 -25"><span class='ocrx_word' id='word_1_267' title='bbox 36 2702 239 2767; x_wconf 85' lang='lat' dir='ltr'>orationibus</span> <span class='ocrx_word' id='word_1_268' title='bbox 261 2703 402 2789; x_wconf 86' lang='lat' dir='ltr'>vestigia</span> <span class='ocrx_word' id='word_1_269' title='bbox 424 2727 603 2787; x_wconf 88' lang='lat' dir='ltr'>occurrere,</span> <span class='ocrx_word' id='word_1_270' title='bbox 624 2705 652 2769; x_wconf 89' lang='lat' dir='ltr'>si</span> <span class='ocrx_word' id='word_1_271' title='bbox 674 2705 809 2788; x_wconf 90' lang='lat' dir='ltr'>quidem</span> <span class='ocrx_word' id='word_1_272' title='bbox 821 2727 899 2768; x_wconf 49' lang='lat' dir='ltr'>¹vere</span> <span class='ocrx_word' id='word_1_273' title='bbox 915 2727 949 2769; x_wconf 88' lang='lat' dir='ltr'>se</span> <span class='ocrx_word' id='word_1_274' title='bbox 964 2703 1098 2787; x_wconf 90' lang='lat' dir='ltr'>habent,</span> <span class='ocrx_word' id='word_1_275' title='bbox 1120 2727 1205 2788; x_wconf 89' lang='lat' dir='ltr'>quae</span> <span class='ocrx_word' id='word_1_276' title='bbox 1228 2706 1269 2770; x_wconf 99' lang='grc'>(16</span> <span class='ocrx_word' id='word_1_277' title='bbox 1291 2716 1439 2789; x_wconf 87' lang='lat' dir='ltr'>ternpore</span> <span class='ocrx_word' id='word_1_278' title='bbox 1462 2729 1528 2791; x_wconf 92' lang='lat' dir='ltr'>quo</span> <span class='ocrx_word' id='word_1_279' title='bbox 1552 2718 1730 2790; x_wconf 87' lang='lat' dir='ltr'>conceptae</span> <span class='ocrx_word' id='word_1_280' title='bbox 1752 2710 1818 2772; x_wconf 91' lang='lat' dir='ltr'>sint</span> 
     </span>
     <span class='ocr_line' id='line_1_23' title="bbox 36 2801 1818 2889; baseline 0.001 -23"><span class='ocrx_word' id='word_1_281' title='bbox 36 2803 302 2886; x_wconf 36' lang='lat' dir='ltr'>disputavimus..</span> <span class='ocrx_word' id='word_1_282' title='bbox 328 2801 541 2886; x_wconf 79' lang='lat' dir='ltr'>Quamquam</span> <span class='ocrx_word' id='word_1_283' title='bbox 562 2805 596 2867; x_wconf 93' lang='lat' dir='ltr'>in</span> <span class='ocrx_word' id='word_1_284' title='bbox 619 2803 822 2869; x_wconf 90' lang='lat' dir='ltr'>orationibus</span> <span class='ocrx_word' id='word_1_285' title='bbox 845 2805 960 2888; x_wconf 85' lang='lat' dir='ltr'>quinta</span> <span class='ocrx_word' id='word_1_286' title='bbox 983 2813 1015 2868; x_wconf 93' lang='lat' dir='ltr'>et</span> <span class='ocrx_word' id='word_1_287' title='bbox 1037 2814 1131 2870; x_wconf 87' lang='lat' dir='ltr'>sexta</span> <span class='ocrx_word' id='word_1_288' title='bbox 1152 2808 1316 2888; x_wconf 88' lang='lat' dir='ltr'>permulta</span> <span class='ocrx_word' id='word_1_289' title='bbox 1338 2804 1436 2886; x_wconf 90' lang='lat' dir='ltr'>hujus</span> <span class='ocrx_word' id='word_1_290' title='bbox 1466 2805 1596 2889; x_wconf 86' lang='lat' dir='ltr'>generis</span> <span class='ocrx_word' id='word_1_291' title='bbox 1618 2804 1650 2866; x_wconf 93' lang='lat' dir='ltr'>in</span> <span class='ocrx_word' id='word_1_292' title='bbox 1673 2805 1818 2868; x_wconf 89' lang='lat' dir='ltr'>medium</span> 
     </span>
     <span class='ocr_line' id='line_1_24' title="bbox 35 2900 1816 2988; baseline 0 -24"><span class='ocrx_word' id='word_1_293' title='bbox 35 2900 172 2986; x_wconf 79' lang='lat' dir='ltr'>proferri</span> <span class='ocrx_word' id='word_1_294' title='bbox 193 2910 343 2985; x_wconf 90' lang='lat' dir='ltr'>possunt,</span> <span class='ocrx_word' id='word_1_295' title='bbox 364 2924 450 2984; x_wconf 91' lang='lat' dir='ltr'>quae</span> <span class='ocrx_word' id='word_1_296' title='bbox 472 2925 522 2967; x_wconf 90' lang='lat' dir='ltr'>res</span> <span class='ocrx_word' id='word_1_297' title='bbox 544 2903 734 2968; x_wconf 91' lang='lat' dir='ltr'>testimonio</span> <span class='ocrx_word' id='word_1_298' title='bbox 758 2912 808 2969; x_wconf 89' lang='grc'>661</span> <span class='ocrx_word' id='word_1_299' title='bbox 828 2905 961 2988; x_wconf 90' lang='lat' dir='ltr'>penitus</span> <span class='ocrx_word' id='word_1_300' title='bbox 983 2927 1095 2968; x_wconf 93' lang='lat' dir='ltr'>eorum</span> <span class='ocrx_word' id='word_1_301' title='bbox 1118 2914 1220 2968; x_wconf 89' lang='lat' dir='ltr'>artem</span> <span class='ocrx_word' id='word_1_302' title='bbox 1237 2925 1311 2966; x_wconf 94' lang='lat' dir='ltr'>eum</span> <span class='ocrx_word' id='word_1_303' title='bbox 1329 2907 1516 2986; x_wconf 87' lang='lat' dir='ltr'>amplexum</span> <span class='ocrx_word' id='word_1_304' title='bbox 1533 2925 1613 2970; x_wconf 78' lang='lat' dir='ltr'>esse.</span> <span class='ocrx_word' id='word_1_305' title='bbox 1648 2902 1698 2966; x_wconf 85' lang='lat' dir='ltr'>Of.</span> <span class='ocrx_word' id='word_1_306' title='bbox 1715 2903 1758 2984; x_wconf 90' lang='lat' dir='ltr'>V,</span> <span class='ocrx_word' id='word_1_307' title='bbox 1780 2907 1816 2969; x_wconf 83' lang='lat'>5:</span> 
     </span>
     <span class='ocr_line' id='line_1_25' title="bbox 37 3001 1818 3090; baseline 0 -26"><span class='ocrx_word' id='word_1_308' title='bbox 37 3005 69 3064; x_wconf 84' lang='grc' dir='ltr'>τὺ</span> <span class='ocrx_word' id='word_1_309' title='bbox 86 3003 170 3086; x_wconf 77' lang='grc' dir='ltr'><em>ῥῆμα</em></span> <span class='ocrx_word' id='word_1_310' title='bbox 193 3005 246 3085; x_wconf 74' lang='grc' dir='ltr'>τῆς</span> <span class='ocrx_word' id='word_1_311' title='bbox 265 3001 404 3087; x_wconf 88' lang='grc' dir='ltr'><em>γλώσσης</em></span> <span class='ocrx_word' id='word_1_312' title='bbox 421 3003 593 3088; x_wconf 77' lang='grc' dir='ltr'><em>ἁμάρτημα,</em></span> <span class='ocrx_word' id='word_1_313' title='bbox 617 3006 649 3066; x_wconf 80' lang='lat' dir='ltr'>:h</span> <span class='ocrx_word' id='word_1_314' title='bbox 671 3003 706 3066; x_wconf 84' lang='grc' dir='ltr'>δὲ</span> <span class='ocrx_word' id='word_1_315' title='bbox 727 3001 815 3089; x_wconf 74' lang='grc' dir='ltr'><em>ἔργον</em></span> <span class='ocrx_word' id='word_1_316' title='bbox 837 3008 891 3088; x_wconf 78' lang='grc' dir='ltr'>τῆς</span> <span class='ocrx_word' id='word_1_317' title='bbox 910 3006 1033 3090; x_wconf 91' lang='grc' dir='ltr'><em>γνώμης.</em></span> <span class='ocrx_word' id='word_1_318' title='bbox 1055 3042 1096 3051; x_wconf 90' lang='grc'>-</span> <span class='ocrx_word' id='word_1_319' title='bbox 1117 3003 1160 3083; x_wconf 93' lang='lat' dir='ltr'>V,</span> <span class='ocrx_word' id='word_1_320' title='bbox 1182 3006 1237 3067; x_wconf 80' lang='lat'>91:</span> <span class='ocrx_word' id='word_1_321' title='bbox 1268 3005 1316 3064; x_wconf 90' lang='grc' dir='ltr'>καί</span> <span class='ocrx_word' id='word_1_322' title='bbox 1334 3003 1394 3086; x_wconf 72' lang='grc' dir='ltr'>μὴν</span> <span class='ocrx_word' id='word_1_323' title='bbox 1416 3002 1443 3063; x_wconf 85' lang='grc' dir='ltr'>εἷ</span> <span class='ocrx_word' id='word_1_324' title='bbox 1464 3001 1526 3079; x_wconf 85' lang='grc' dir='ltr'><em>δέοι</em></span> <span class='ocrx_word' id='word_1_325' title='bbox 1547 3003 1689 3088; x_wconf 77' lang='grc' dir='ltr'><em>ἁμαρτεῖν</em></span> <span class='ocrx_word' id='word_1_326' title='bbox 1712 3027 1752 3077; x_wconf 91' lang='grc' dir='ltr'><em>τι,</em></span> <span class='ocrx_word' id='word_1_327' title='bbox 1785 3006 1818 3066; x_wconf 78' lang='grc' dir='ltr'>τὺ</span> 
     </span>
     <span class='ocr_line' id='line_1_26' title="bbox 36 3100 1819 3189; baseline 0.003 -28"><span class='ocrx_word' id='word_1_328' title='bbox 36 3100 148 3169; x_wconf 88' lang='grc' dir='ltr'><em>ἀδίκως</em></span> <span class='ocrx_word' id='word_1_329' title='bbox 166 3100 312 3162; x_wconf 81' lang='grc' dir='ltr'><em>ἀπολῦσαι</em></span> <span class='ocrx_word' id='word_1_330' title='bbox 334 3103 497 3187; x_wconf 77' lang='grc' dir='ltr'><em>ὁσιώτερον</em></span> <span class='ocrx_word' id='word_1_331' title='bbox 519 3101 556 3163; x_wconf 88' lang='grc' dir='ltr'>ἀν</span> <span class='ocrx_word' id='word_1_332' title='bbox 579 3100 622 3188; x_wconf 85' lang='grc' dir='ltr'>είη</span> <span class='ocrx_word' id='word_1_333' title='bbox 644 3106 694 3164; x_wconf 82' lang='grc' dir='ltr'>τοῦ</span> <span class='ocrx_word' id='word_1_334' title='bbox 713 3104 755 3189; x_wconf 80' lang='grc' dir='ltr'>μη</span> <span class='ocrx_word' id='word_1_335' title='bbox 777 3102 898 3172; x_wconf 78' lang='grc' dir='ltr'><em>δικαίως</em></span> <span class='ocrx_word' id='word_1_336' title='bbox 916 3103 1075 3166; x_wconf 76' lang='grc' dir='ltr'><em>ἀπολέσαι·</em></span> <span class='ocrx_word' id='word_1_337' title='bbox 1109 3107 1141 3166; x_wconf 78' lang='grc' dir='ltr'>τὸ</span> <span class='ocrx_word' id='word_1_338' title='bbox 1167 3105 1223 3185; x_wconf 83' lang='grc' dir='ltr'>μὲν</span> <span class='ocrx_word' id='word_1_339' title='bbox 1251 3103 1307 3186; x_wconf 91' lang='grc' dir='ltr'>γάρ</span> <span class='ocrx_word' id='word_1_340' title='bbox 1334 3102 1494 3186; x_wconf 84' lang='grc' dir='ltr'><em>ἀμάρτημα</em></span> <span class='ocrx_word' id='word_1_341' title='bbox 1512 3103 1603 3182; x_wconf 77' lang='grc' dir='ltr'><em>μόνον</em></span> <span class='ocrx_word' id='word_1_342' title='bbox 1626 3103 1696 3184; x_wconf 85' lang='grc' dir='ltr'><em>ἐστί,</em></span> <span class='ocrx_word' id='word_1_343' title='bbox 1728 3106 1759 3166; x_wconf 84' lang='grc' dir='ltr'>τὸ</span> <span class='ocrx_word' id='word_1_344' title='bbox 1782 3105 1819 3166; x_wconf 86' lang='grc' dir='ltr'>δὲ</span> 
     </span>
     <span class='ocr_line' id='line_1_27' title="bbox 37 3198 1817 3288; baseline 0.002 -27"><span class='ocrx_word' id='word_1_345' title='bbox 37 3199 139 3285; x_wconf 77' lang='grc' dir='ltr'><em>ἕτερον</em></span> <span class='ocrx_word' id='word_1_346' title='bbox 162 3202 210 3262; x_wconf 84' lang='grc' dir='ltr'>καὶ</span> <span class='ocrx_word' id='word_1_347' title='bbox 231 3198 379 3284; x_wconf 79' lang='grc' dir='ltr'><em>ἀσέβημα.</em></span> <span class='ocrx_word' id='word_1_348' title='bbox 402 3238 439 3247; x_wconf 91' lang='grc'>-</span> <span class='ocrx_word' id='word_1_349' title='bbox 461 3200 505 3281; x_wconf 94' lang='lat' dir='ltr'>V,</span> <span class='ocrx_word' id='word_1_350' title='bbox 527 3201 579 3264; x_wconf 77' lang='lat'>92:</span> <span class='ocrx_word' id='word_1_351' title='bbox 604 3203 712 3284; x_wconf 83' lang='grc' dir='ltr'><em>τὸμὲν</em></span> <span class='ocrx_word' id='word_1_352' title='bbox 734 3202 791 3288; x_wconf 87' lang='grc' dir='ltr'>γὰρ</span> <span class='ocrx_word' id='word_1_353' title='bbox 812 3203 948 3265; x_wconf 90' lang='grc' dir='ltr'><em>ἀκούσιον</em></span> <span class='ocrx_word' id='word_1_354' title='bbox 970 3203 1139 3288; x_wconf 86' lang='grc' dir='ltr'><em>ἀμιίρτημα.</em></span> <span class='ocrx_word' id='word_1_355' title='bbox 1164 3202 1189 3264; x_wconf 85' lang='grc' dir='ltr'><em>ώ</em></span> <span class='ocrx_word' id='word_1_356' title='bbox 1212 3201 1328 3284; x_wconf 85' lang='grc' dir='ltr'><em>ἀνδρες.</em></span> <span class='ocrx_word' id='word_1_357' title='bbox 1353 3205 1405 3285; x_wconf 78' lang='grc' dir='ltr'>τῆς</span> <span class='ocrx_word' id='word_1_358' title='bbox 1424 3201 1512 3288; x_wconf 74' lang='grc' dir='ltr'><em>τύχης</em></span> <span class='ocrx_word' id='word_1_359' title='bbox 1531 3202 1600 3266; x_wconf 76' lang='grc' dir='ltr'><em>ἐστὶ,</em></span> <span class='ocrx_word' id='word_1_360' title='bbox 1626 3207 1658 3264; x_wconf 79' lang='grc' dir='ltr'>τὸ</span> <span class='ocrx_word' id='word_1_361' title='bbox 1682 3203 1717 3264; x_wconf 82' lang='grc' dir='ltr'>δὲ</span> <span class='ocrx_word' id='word_1_362' title='bbox 1734 3203 1817 3265; x_wconf 83' lang='grc' dir='ltr'><em>ἑκού·</em></span> 
     </span>
     <span class='ocr_line' id='line_1_28' title="bbox 36 3297 1817 3386; baseline 0.001 -25"><span class='ocrx_word' id='word_1_363' title='bbox 36 3323 97 3361; x_wconf 93' lang='grc' dir='ltr'><em>σιον</em></span> <span class='ocrx_word' id='word_1_364' title='bbox 120 3302 173 3382; x_wconf 82' lang='grc' dir='ltr'>τῆς</span> <span class='ocrx_word' id='word_1_365' title='bbox 193 3301 317 3385; x_wconf 80' lang='grc' dir='ltr'><em>γνώμης,</em></span> <span class='ocrx_word' id='word_1_366' title='bbox 341 3336 378 3345; x_wconf 94' lang='grc'><strong>-</strong></span> <span class='ocrx_word' id='word_1_367' title='bbox 401 3299 445 3380; x_wconf 90' lang='lat' dir='ltr'>V,</span> <span class='ocrx_word' id='word_1_368' title='bbox 468 3302 523 3364; x_wconf 85' lang='lat'>94:</span> <span class='ocrx_word' id='word_1_369' title='bbox 550 3297 588 3362; x_wconf 85' lang='grc' dir='ltr'><em>ού</em></span> <span class='ocrx_word' id='word_1_370' title='bbox 608 3325 650 3364; x_wconf 90' lang='grc' dir='ltr'>τοι</span> <span class='ocrx_word' id='word_1_371' title='bbox 672 3306 730 3364; x_wconf 86' lang='grc' dir='ltr'>τών</span> <span class='ocrx_word' id='word_1_372' title='bbox 752 3301 947 3386; x_wconf 79' lang='grc' dir='ltr'><em>ἐπειγομένων</em></span> <span class='ocrx_word' id='word_1_373' title='bbox 969 3301 1030 3363; x_wconf 79' lang='grc' dir='ltr'><em>ἐστὶ</em></span> <span class='ocrx_word' id='word_1_374' title='bbox 1052 3301 1086 3363; x_wconf 85' lang='grc' dir='ltr'><em>τά</em></span> <span class='ocrx_word' id='word_1_375' title='bbox 1110 3300 1278 3385; x_wconf 74' lang='grc' dir='ltr'><em>πράγματα,</em></span> <span class='ocrx_word' id='word_1_376' title='bbox 1301 3300 1376 3362; x_wconf 88' lang='grc' dir='ltr'>ἀλλά</span> <span class='ocrx_word' id='word_1_377' title='bbox 1399 3305 1458 3362; x_wconf 85' lang='grc' dir='ltr'>τῶν</span> <span class='ocrx_word' id='word_1_378' title='bbox 1479 3297 1513 3362; x_wconf 81' lang='grc' dir='ltr'>εδ</span> <span class='ocrx_word' id='word_1_379' title='bbox 1525 3299 1761 3384; x_wconf 76' lang='grc' dir='ltr'><em>βουλευομένων.</em></span> <span class='ocrx_word' id='word_1_380' title='bbox 1776 3339 1817 3350; x_wconf 93' lang='grc'>-</span> 
     </span>
     <span class='ocr_line' id='line_1_29' title="bbox 37 3393 1822 3560; baseline 0.001 -99"><span class='ocrx_word' id='word_1_381' title='bbox 37 3396 100 3478; x_wconf 89' lang='lat' dir='ltr'>VI,</span> <span class='ocrx_word' id='word_1_382' title='bbox 122 3397 177 3460; x_wconf 85' lang='lat'>31:</span> <span class='ocrx_word' id='word_1_383' title='bbox 201 3397 262 3516; x_wconf 83' lang='grc' dir='ltr'>ἐγώ</span> <span class='ocrx_word' id='word_1_384' title='bbox 284 3399 378 3460; x_wconf 82' lang='grc' dir='ltr'><em>τοίνυν</em></span> <span class='ocrx_word' id='word_1_385' title='bbox 400 3398 469 3467; x_wconf 87' lang='grc' dir='ltr'><em>τούς</em></span> <span class='ocrx_word' id='word_1_386' title='bbox 487 3422 520 3461; x_wconf 92' lang='grc' dir='ltr'>τε</span> <span class='ocrx_word' id='word_1_387' title='bbox 542 3399 647 3479; x_wconf 77' lang='grc' dir='ltr'><em>λόγους</em></span> <span class='ocrx_word' id='word_1_388' title='bbox 665 3401 745 3560; x_wconf 66' lang='grc' dir='ltr'><em>ὑμίνέ</em></span> <span class='ocrx_word' id='word_1_389' title='bbox 751 3401 867 3469; x_wconf 83' lang='grc' dir='ltr'><em>είκιίτας</em></span> <span class='ocrx_word' id='word_1_390' title='bbox 885 3399 1052 3484; x_wconf 75' lang='grc' dir='ltr'><em>ἀποφαίνω.</em></span> <span class='ocrx_word' id='word_1_391' title='bbox 1076 3403 1124 3462; x_wconf 90' lang='grc' dir='ltr'>καί</span> <span class='ocrx_word' id='word_1_392' title='bbox 1147 3404 1206 3469; x_wconf 78' lang='grc' dir='ltr'><em>τοῖς</em></span> <span class='ocrx_word' id='word_1_393' title='bbox 1224 3400 1321 3480; x_wconf 78' lang='grc' dir='ltr'><em>λύγοις</em></span> <span class='ocrx_word' id='word_1_394' title='bbox 1341 3399 1408 3468; x_wconf 78' lang='grc' dir='ltr'><em>τοὺς</em></span> <span class='ocrx_word' id='word_1_395' title='bbox 1423 3393 1584 3484; x_wconf 77' lang='grc' dir='ltr'><em>μα’,οτυρας</em></span> <span class='ocrx_word' id='word_1_396' title='bbox 1602 3401 1822 3520; x_wconf 80' lang='grc' dir='ltr'><em>δμολργοῦντας</em></span> 
     </span>
     <span class='ocr_line' id='line_1_30' title="bbox 36 3494 1818 3622; baseline 0.003 -65"><span class='ocrx_word' id='word_1_397' title='bbox 36 3498 85 3558; x_wconf 86' lang='grc' dir='ltr'>καί</span> <span class='ocrx_word' id='word_1_398' title='bbox 107 3501 166 3565; x_wconf 79' lang='grc' dir='ltr'><em>τοῖς</em></span> <span class='ocrx_word' id='word_1_399' title='bbox 181 3497 309 3582; x_wconf 80' lang='grc' dir='ltr'><em>μάρτυσι</em></span> <span class='ocrx_word' id='word_1_400' title='bbox 331 3496 366 3558; x_wconf 92' lang='grc' dir='ltr'><em>τά</em></span> <span class='ocrx_word' id='word_1_401' title='bbox 389 3494 473 3617; x_wconf 81' lang='grc' dir='ltr'><em>ἔργα,</em></span> <span class='ocrx_word' id='word_1_402' title='bbox 496 3500 544 3560; x_wconf 75' lang='grc' dir='ltr'>καὶ</span> <span class='ocrx_word' id='word_1_403' title='bbox 553 3499 763 3622; x_wconf 82' lang='grc' dir='ltr'><em>τεκμημιαές</em></span> <span class='ocrx_word' id='word_1_404' title='bbox 751 3500 883 3563; x_wconf 81' lang='grc' dir='ltr'><em>αὐτων</em></span> <span class='ocrx_word' id='word_1_405' title='bbox 905 3524 999 3563; x_wconf 92' lang='grc' dir='ltr'>των</span> <span class='ocrx_word' id='word_1_406' title='bbox 986 3497 1092 3585; x_wconf 78' lang='grc' dir='ltr'><em>ἔργων,</em></span> <span class='ocrx_word' id='word_1_407' title='bbox 1116 3501 1200 3560; x_wconf 88' lang='grc' dir='ltr'><strong>κα1ε</strong></span> <span class='ocrx_word' id='word_1_408' title='bbox 1189 3496 1267 3560; x_wconf 63' lang='lat' dir='ltr'>”rac</span> <span class='ocrx_word' id='word_1_409' title='bbox 1250 3501 1355 3582; x_wconf 85' lang='grc' dir='ltr'><em>τρδς</em></span> <span class='ocrx_word' id='word_1_410' title='bbox 1344 3499 1455 3567; x_wconf 79' lang='grc' dir='ltr'><em>τούτοις</em></span> <span class='ocrx_word' id='word_1_411' title='bbox 1475 3499 1529 3561; x_wconf 89' lang='grc' dir='ltr'><em>δύο</em></span> <span class='ocrx_word' id='word_1_412' title='bbox 1552 3500 1651 3582; x_wconf 84' lang='grc' dir='ltr'>τώμ</span> <span class='ocrx_word' id='word_1_413' title='bbox 1637 3499 1743 3581; x_wconf 81' lang='grc' dir='ltr'><em>εγίστω</em></span> <span class='ocrx_word' id='word_1_414' title='bbox 1767 3502 1818 3562; x_wconf 79' lang='grc' dir='ltr'>καὶ</span> 
     </span>
     <span class='ocr_line' id='line_1_31' title="bbox 35 3593 1817 3716; baseline 0.002 -59"><span class='ocrx_word' id='word_1_415' title='bbox 35 3595 235 3716; x_wconf 73' lang='grc' dir='ltr'><em>ἰσχυροτάτω</em></span> <span class='ocrx_word' id='word_1_416' title='bbox 258 3594 380 3664; x_wconf 79' lang='grc' dir='ltr'><em>τούτους</em></span> <span class='ocrx_word' id='word_1_417' title='bbox 393 3597 450 3678; x_wconf 85' lang='grc' dir='ltr'>μὲν</span> <span class='ocrx_word' id='word_1_418' title='bbox 472 3597 580 3666; x_wconf 78' lang='grc' dir='ltr'><em>αὐτούς</em></span> <span class='ocrx_word' id='word_1_419' title='bbox 598 3621 630 3660; x_wconf 86' lang='grc' dir='ltr'>τε</span> <span class='ocrx_word' id='word_1_420' title='bbox 652 3598 709 3661; x_wconf 80' lang='grc' dir='ltr'>ὑπὸ</span> <span class='ocrx_word' id='word_1_421' title='bbox 731 3603 818 3682; x_wconf 79' lang='grc' dir='ltr'><em>σφῶν</em></span> <span class='ocrx_word' id='word_1_422' title='bbox 839 3599 938 3662; x_wconf 81' lang='grc' dir='ltr'><em>αὐτῶν</em></span> <span class='ocrx_word' id='word_1_423' title='bbox 960 3598 1205 3686; x_wconf 69' lang='grc' dir='ltr'><em>ἐξελεγχομένους</em></span> <span class='ocrx_word' id='word_1_424' title='bbox 1224 3601 1270 3661; x_wconf 80' lang='grc' dir='ltr'>καὶ</span> <span class='ocrx_word' id='word_1_425' title='bbox 1293 3599 1335 3660; x_wconf 72' lang='lat' dir='ltr'>:la</span> <span class='ocrx_word' id='word_1_426' title='bbox 1339 3593 1457 3682; x_wconf 79' lang='grc' dir='ltr'><em>’ἐμοο.</em></span> <span class='ocrx_word' id='word_1_427' title='bbox 1487 3599 1540 3682; x_wconf 84' lang='grc' dir='ltr'>ἐμὲ</span> <span class='ocrx_word' id='word_1_428' title='bbox 1562 3601 1597 3662; x_wconf 84' lang='grc' dir='ltr'>δὲ</span> <span class='ocrx_word' id='word_1_429' title='bbox 1620 3601 1677 3661; x_wconf 78' lang='grc' dir='ltr'><em>οπό</em></span> <span class='ocrx_word' id='word_1_430' title='bbox 1700 3622 1730 3661; x_wconf 88' lang='grc' dir='ltr'>τε</span> <span class='ocrx_word' id='word_1_431' title='bbox 1754 3599 1817 3661; x_wconf 86' lang='grc' dir='ltr'><em>τού-</em></span> 
     </span>
     <span class='ocr_line' id='line_1_32' title="bbox 34 3689 1816 3820; baseline 0.002 -63"><span class='ocrx_word' id='word_1_432' title='bbox 34 3718 93 3758; x_wconf 87' lang='grc' dir='ltr'>των</span> <span class='ocrx_word' id='word_1_433' title='bbox 116 3696 163 3756; x_wconf 72' lang='lat' dir='ltr'>:ul</span> <span class='ocrx_word' id='word_1_434' title='bbox 186 3695 243 3757; x_wconf 80' lang='grc' dir='ltr'>ὑπὸ</span> <span class='ocrx_word' id='word_1_435' title='bbox 265 3693 393 3778; x_wconf 87' lang='grc' dir='ltr'><em>ε’μαυτοο</em></span> <span class='ocrx_word' id='word_1_436' title='bbox 415 3696 624 3779; x_wconf 87' lang='grc' dir='ltr'><em>ἀπολυόμενον.</em></span> <span class='ocrx_word' id='word_1_437' title='bbox 648 3735 686 3744; x_wconf 89' lang='grc'>-</span> <span class='ocrx_word' id='word_1_438' title='bbox 718 3689 803 3761; x_wconf 74' lang='lat' dir='ltr'>Cum</span> <span class='ocrx_word' id='word_1_439' title='bbox 824 3697 876 3763; x_wconf 89' lang='lat' dir='ltr'>his</span> <span class='ocrx_word' id='word_1_440' title='bbox 899 3698 1117 3782; x_wconf 89' lang='lat' dir='ltr'>comparanda</span> <span class='ocrx_word' id='word_1_441' title='bbox 1140 3705 1217 3763; x_wconf 91' lang='lat' dir='ltr'>sunt</span> <span class='ocrx_word' id='word_1_442' title='bbox 1239 3696 1489 3783; x_wconf 82' lang='lat' dir='ltr'>tetralogiarum</span> <span class='ocrx_word' id='word_1_443' title='bbox 1511 3697 1646 3760; x_wconf 91' lang='lat' dir='ltr'>haecce.</span> <span class='ocrx_word' id='word_1_444' title='bbox 1681 3696 1816 3820; x_wconf 75' lang='grc' dir='ltr'><strong>11γ3τ</strong></span> 
     </span>
     <span class='ocr_line' id='line_1_33' title="bbox 34 3792 1816 3884; baseline 0.001 -28"><span class='ocrx_word' id='word_1_445' title='bbox 34 3794 104 3862; x_wconf 82' lang='grc' dir='ltr'><em>τοὺς</em></span> <span class='ocrx_word' id='word_1_446' title='bbox 118 3793 175 3876; x_wconf 86' lang='grc' dir='ltr'>μὲν</span> <span class='ocrx_word' id='word_1_447' title='bbox 198 3792 255 3878; x_wconf 82' lang='grc' dir='ltr'>γὰρ</span> <span class='ocrx_word' id='word_1_448' title='bbox 277 3793 296 3854; x_wconf 80' lang='grc'>(1</span> <span class='ocrx_word' id='word_1_449' title='bbox 316 3815 348 3854; x_wconf 89' lang='grc' dir='ltr'>τε</span> <span class='ocrx_word' id='word_1_450' title='bbox 370 3794 505 3881; x_wconf 76' lang='grc' dir='ltr'><em>φόβοςῆ</em></span> <span class='ocrx_word' id='word_1_451' title='bbox 527 3818 559 3858; x_wconf 89' lang='grc' dir='ltr'>τε</span> <span class='ocrx_word' id='word_1_452' title='bbox 580 3795 710 3858; x_wconf 89' lang='grc' dir='ltr'><em>ἀδικία</em></span> <span class='ocrx_word' id='word_1_453' title='bbox 701 3800 784 3882; x_wconf 80' lang='grc' dir='ltr'><em>ικανη</em></span> <span class='ocrx_word' id='word_1_454' title='bbox 807 3795 842 3882; x_wconf 78' lang='grc' dir='ltr'>ἧν</span> <span class='ocrx_word' id='word_1_455' title='bbox 865 3820 974 3860; x_wconf 86' lang='grc' dir='ltr'><em>παυσαι</em></span> <span class='ocrx_word' id='word_1_456' title='bbox 1003 3821 1095 3883; x_wconf 69' lang='grc' dir='ltr'><em>της.</em></span> <span class='ocrx_word' id='word_1_457' title='bbox 1086 3795 1265 3884; x_wconf 79' lang='grc' dir='ltr'><em>προδυμιάς.</em></span> <span class='ocrx_word' id='word_1_458' title='bbox 1300 3801 1359 3866; x_wconf 81' lang='grc' dir='ltr'><em>τοῖς</em></span> <span class='ocrx_word' id='word_1_459' title='bbox 1389 3797 1423 3858; x_wconf 87' lang='grc' dir='ltr'>δὲ</span> <span class='ocrx_word' id='word_1_460' title='bbox 1456 3797 1477 3856; x_wconf 81' lang='grc'>(1</span> <span class='ocrx_word' id='word_1_461' title='bbox 1506 3818 1537 3858; x_wconf 92' lang='grc' dir='ltr'>τε</span> <span class='ocrx_word' id='word_1_462' title='bbox 1570 3795 1704 3865; x_wconf 88' lang='grc' dir='ltr'><em>κίνδυνος</em></span> <span class='ocrx_word' id='word_1_463' title='bbox 1732 3797 1752 3882; x_wconf 78' lang='grc' dir='ltr'><strong><em>ἦ</em></strong></span> <span class='ocrx_word' id='word_1_464' title='bbox 1785 3819 1816 3859; x_wconf 86' lang='grc' dir='ltr'>τε</span> 
     </span>
     <span class='ocr_line' id='line_1_34' title="bbox 34 3887 1817 3980; baseline 0.002 -26"><span class='ocrx_word' id='word_1_465' title='bbox 34 3887 178 3978; x_wconf 77' lang='grc' dir='ltr'><em>αὲσχύνη.</em></span> <span class='ocrx_word' id='word_1_466' title='bbox 196 3939 203 3953; x_wconf 99' lang='grc'><em>.</em></span> <span class='ocrx_word' id='word_1_467' title='bbox 220 3943 227 3957; x_wconf 90' lang='grc'><em>.</em></span> <span class='ocrx_word' id='word_1_468' title='bbox 244 3894 401 3977; x_wconf 81' lang='grc' dir='ltr'><em>,ἀρκοῦσα</em></span> <span class='ocrx_word' id='word_1_469' title='bbox 430 3891 465 3979; x_wconf 78' lang='grc' dir='ltr'>ἧν</span> <span class='ocrx_word' id='word_1_470' title='bbox 494 3893 675 3979; x_wconf 76' lang='grc' dir='ltr'><em>σωφρονίσαι</em></span> <span class='ocrx_word' id='word_1_471' title='bbox 705 3899 737 3957; x_wconf 84' lang='grc' dir='ltr'>τὺ</span> <span class='ocrx_word' id='word_1_472' title='bbox 766 3892 948 3978; x_wconf 76' lang='grc' dir='ltr'><em>δωρούμενον</em></span> <span class='ocrx_word' id='word_1_473' title='bbox 981 3900 1035 3980; x_wconf 76' lang='grc' dir='ltr'>τῆς</span> <span class='ocrx_word' id='word_1_474' title='bbox 1066 3899 1189 3980; x_wconf 82' lang='grc' dir='ltr'><em>γνώμης.</em></span> <span class='ocrx_word' id='word_1_475' title='bbox 1214 3934 1251 3943; x_wconf 95' lang='grc'><strong>-</strong></span> <span class='ocrx_word' id='word_1_476' title='bbox 1275 3894 1431 3975; x_wconf 75' lang='grc' dir='ltr'><strong>111β7ε</strong></span> <span class='ocrx_word' id='word_1_477' title='bbox 1472 3895 1566 3957; x_wconf 85' lang='grc' dir='ltr'><em>τάντα</em></span> <span class='ocrx_word' id='word_1_478' title='bbox 1599 3891 1703 3979; x_wconf 81' lang='grc' dir='ltr'><em>ἀρδώς</em></span> <span class='ocrx_word' id='word_1_479' title='bbox 1733 3897 1817 3980; x_wconf 82' lang='grc' dir='ltr'><em>δρῶν</em></span> 
     </span>
     <span class='ocr_line' id='line_1_35' title="bbox 35 3989 1815 4083; baseline -0.002 -29"><span class='ocrx_word' id='word_1_480' title='bbox 35 3990 148 4075; x_wconf 83' lang='grc' dir='ltr'><em>ἔδρασε</em></span> <span class='ocrx_word' id='word_1_481' title='bbox 166 3990 223 4072; x_wconf 86' lang='grc' dir='ltr'>μὲν</span> <span class='ocrx_word' id='word_1_482' title='bbox 244 3989 332 4053; x_wconf 81' lang='grc' dir='ltr'><em>ου’δὲν</em></span> <span class='ocrx_word' id='word_1_483' title='bbox 353 3991 508 4062; x_wconf 86' lang='grc' dir='ltr'><em>ἀκούσιον.</em></span> <span class='ocrx_word' id='word_1_484' title='bbox 532 3990 628 4056; x_wconf 74' lang='grc' dir='ltr'><em>ἔπαθε</em></span> <span class='ocrx_word' id='word_1_485' title='bbox 652 3995 687 4056; x_wconf 83' lang='grc' dir='ltr'>δὲ</span> <span class='ocrx_word' id='word_1_486' title='bbox 709 3995 908 4064; x_wconf 80' lang='grc' dir='ltr'><em>διακωλυδεὶς</em></span> <span class='ocrx_word' id='word_1_487' title='bbox 926 3999 976 4058; x_wconf 81' lang='grc' dir='ltr'>τοῦ</span> <span class='ocrx_word' id='word_1_488' title='bbox 998 3996 1109 4059; x_wconf 85' lang='grc' dir='ltr'><em>σκιίττου</em></span> <span class='ocrx_word' id='word_1_489' title='bbox 1132 4001 1234 4083; x_wconf 75' lang='grc' dir='ltr'><em>τυχεῖν.</em></span> <span class='ocrx_word' id='word_1_490' title='bbox 1258 4032 1295 4041; x_wconf 91' lang='grc'>-</span> <span class='ocrx_word' id='word_1_491' title='bbox 1319 3992 1377 4058; x_wconf 88' lang='lat' dir='ltr'>III</span> <span class='ocrx_word' id='word_1_492' title='bbox 1389 3993 1446 4074; x_wconf 63' lang='lat'>(36</span> <span class='ocrx_word' id='word_1_493' title='bbox 1469 4014 1567 4076; x_wconf 92' lang='lat' dir='ltr'>quem</span> <span class='ocrx_word' id='word_1_494' title='bbox 1589 3996 1696 4057; x_wconf 90' lang='lat' dir='ltr'>locum</span> <span class='ocrx_word' id='word_1_495' title='bbox 1719 4012 1815 4073; x_wconf 90' lang='lat' dir='ltr'>supra</span> 
     </span>
     <span class='ocr_line' id='line_1_36' title="bbox 28 4090 1815 4177; baseline -0.003 -23"><span class='ocrx_word' id='word_1_496' title='bbox 28 4095 100 4177; x_wconf 87' lang='lat' dir='ltr'>jam</span> <span class='ocrx_word' id='word_1_497' title='bbox 122 4090 272 4176; x_wconf 88' lang='lat' dir='ltr'>adposui.</span> <span class='ocrx_word' id='word_1_498' title='bbox 306 4092 384 4156; x_wconf 87' lang='lat' dir='ltr'>Alia</span> <span class='ocrx_word' id='word_1_499' title='bbox 406 4101 499 4158; x_wconf 85' lang='lat' dir='ltr'>sunt:</span> <span class='ocrx_word' id='word_1_500' title='bbox 522 4094 640 4176; x_wconf 66' lang='grc'><strong>11116.</strong></span> <span class='ocrx_word' id='word_1_501' title='bbox 662 4096 691 4157; x_wconf 94' lang='grc'><em>7.</em></span> <span class='ocrx_word' id='word_1_502' title='bbox 721 4094 847 4175; x_wconf 90' lang='grc' dir='ltr'><strong>11γ8.</strong></span> <span class='ocrx_word' id='word_1_503' title='bbox 871 4097 919 4158; x_wconf 90' lang='grc'>10.</span> <span class='ocrx_word' id='word_1_504' title='bbox 950 4094 988 4158; x_wconf 91' lang='grc' dir='ltr'>ΙΙ</span> <span class='ocrx_word' id='word_1_505' title='bbox 1010 4095 1077 4158; x_wconf 83' lang='lat' dir='ltr'>dl.</span> <span class='ocrx_word' id='word_1_506' title='bbox 1101 4094 1128 4159; x_wconf 88' lang='lat'>3.</span> <span class='ocrx_word' id='word_1_507' title='bbox 1156 4093 1213 4158; x_wconf 91' lang='grc'>111</span> <span class='ocrx_word' id='word_1_508' title='bbox 1237 4117 1255 4174; x_wconf 93' lang='grc' dir='ltr'><em>γ</em></span> <span class='ocrx_word' id='word_1_509' title='bbox 1276 4096 1304 4174; x_wconf 91' lang='grc'>1,</span> <span class='ocrx_word' id='word_1_510' title='bbox 1326 4115 1392 4174; x_wconf 92' lang='lat' dir='ltr'>quo</span> <span class='ocrx_word' id='word_1_511' title='bbox 1414 4096 1486 4156; x_wconf 92' lang='lat' dir='ltr'>loco</span> <span class='ocrx_word' id='word_1_512' title='bbox 1507 4093 1593 4156; x_wconf 88' lang='lat' dir='ltr'>inter</span> <span class='ocrx_word' id='word_1_513' title='bbox 1614 4115 1648 4158; x_wconf 91' lang='grc'>66</span> <span class='ocrx_word' id='word_1_514' title='bbox 1664 4090 1815 4172; x_wconf 89' lang='lat' dir='ltr'>opposita</span> 
     </span>
     <span class='ocr_line' id='line_1_37' title="bbox 34 4187 1818 4279; baseline -0.004 -23"><span class='ocrx_word' id='word_1_515' title='bbox 34 4199 111 4256; x_wconf 88' lang='lat' dir='ltr'>sunt</span> <span class='ocrx_word' id='word_1_516' title='bbox 141 4191 256 4255; x_wconf 89' lang='lat' dir='ltr'>verba:</span> <span class='ocrx_word' id='word_1_517' title='bbox 294 4193 370 4277; x_wconf 79' lang='grc' dir='ltr'><em>δρᾶν</em></span> <span class='ocrx_word' id='word_1_518' title='bbox 392 4201 425 4256; x_wconf 89' lang='grc'>61</span> <span class='ocrx_word' id='word_1_519' title='bbox 447 4193 550 4274; x_wconf 85' lang='grc' dir='ltr'><em>λέγειν,</em></span> <span class='ocrx_word' id='word_1_520' title='bbox 579 4191 667 4279; x_wconf 82' lang='grc' dir='ltr'><em>ἔργον</em></span> <span class='ocrx_word' id='word_1_521' title='bbox 689 4201 721 4257; x_wconf 90' lang='grc'>61</span> <span class='ocrx_word' id='word_1_522' title='bbox 744 4194 844 4275; x_wconf 82' lang='grc' dir='ltr'><em>λόγον.</em></span> <span class='ocrx_word' id='word_1_523' title='bbox 874 4193 909 4257; x_wconf 93' lang='lat' dir='ltr'>id</span> <span class='ocrx_word' id='word_1_524' title='bbox 932 4191 1022 4275; x_wconf 93' lang='lat' dir='ltr'>quod</span> <span class='ocrx_word' id='word_1_525' title='bbox 1045 4193 1176 4276; x_wconf 89' lang='lat' dir='ltr'>saepius</span> <span class='ocrx_word' id='word_1_526' title='bbox 1198 4191 1288 4275; x_wconf 92' lang='lat' dir='ltr'>apud</span> <span class='ocrx_word' id='word_1_527' title='bbox 1309 4190 1582 4255; x_wconf 74' lang='grc' dir='ltr'><strong>111111οονο1016111</strong></span> <span class='ocrx_word' id='word_1_528' title='bbox 1604 4187 1753 4252; x_wconf 89' lang='lat' dir='ltr'>occurrit.</span> <span class='ocrx_word' id='word_1_529' title='bbox 1775 4221 1818 4232; x_wconf 93' lang='lat'><em>-</em></span> 
     </span>
     <span class='ocr_line' id='line_1_38' title="bbox 34 4289 1047 4374; baseline 0.001 -21"><span class='ocrx_word' id='word_1_530' title='bbox 34 4289 86 4353; x_wconf 92' lang='lat' dir='ltr'>IV</span> <span class='ocrx_word' id='word_1_531' title='bbox 105 4290 130 4370; x_wconf 79' lang='grc' dir='ltr'><em>β</em></span> <span class='ocrx_word' id='word_1_532' title='bbox 152 4292 180 4354; x_wconf 89' lang='grc'><em>8.</em></span> <span class='ocrx_word' id='word_1_533' title='bbox 211 4290 264 4353; x_wconf 92' lang='lat' dir='ltr'>IV</span> <span class='ocrx_word' id='word_1_534' title='bbox 287 4291 353 4372; x_wconf 75' lang='grc' dir='ltr'><em>γ2.</em></span> <span class='ocrx_word' id='word_1_535' title='bbox 376 4293 404 4355; x_wconf 91' lang='grc'><em>3.</em></span> <span class='ocrx_word' id='word_1_536' title='bbox 433 4291 476 4373; x_wconf 94' lang='lat' dir='ltr'>V,</span> <span class='ocrx_word' id='word_1_537' title='bbox 498 4294 526 4356; x_wconf 88' lang='lat'>8.</span> <span class='ocrx_word' id='word_1_538' title='bbox 549 4296 598 4357; x_wconf 81' lang='lat'>51.</span> <span class='ocrx_word' id='word_1_539' title='bbox 621 4295 670 4357; x_wconf 89' lang='grc'>91.</span> <span class='ocrx_word' id='word_1_540' title='bbox 700 4292 764 4374; x_wconf 94' lang='lat' dir='ltr'>VI,</span> <span class='ocrx_word' id='word_1_541' title='bbox 788 4294 1047 4358; x_wconf 73' lang='lat' dir='ltr'>malianum.</span> 
     </span>
    </p>

    <p class='ocr_par' dir='ltr' id='par_1_4' title="bbox 31 4385 1819 5080">
     <span class='ocr_line' id='line_1_39' title="bbox 185 4385 1816 4476; baseline -0.006 -21"><span class='ocrx_word' id='word_1_542' title='bbox 185 4387 253 4455; x_wconf 84' lang='lat' dir='ltr'>Sed</span> <span class='ocrx_word' id='word_1_543' title='bbox 276 4391 366 4453; x_wconf 90' lang='lat' dir='ltr'>aliud</span> <span class='ocrx_word' id='word_1_544' title='bbox 388 4391 559 4457; x_wconf 88' lang='lat' dir='ltr'>videamus</span> <span class='ocrx_word' id='word_1_545' title='bbox 581 4392 671 4474; x_wconf 92' lang='lat' dir='ltr'>quod</span> <span class='ocrx_word' id='word_1_546' title='bbox 694 4414 767 4454; x_wconf 91' lang='lat' dir='ltr'>cum</span> <span class='ocrx_word' id='word_1_547' title='bbox 789 4391 849 4455; x_wconf 87' lang='lat' dir='ltr'>hac</span> <span class='ocrx_word' id='word_1_548' title='bbox 872 4413 905 4454; x_wconf 91' lang='lat' dir='ltr'>re</span> <span class='ocrx_word' id='word_1_549' title='bbox 928 4391 1090 4457; x_wconf 87' lang='lat' dir='ltr'>cohaeret.</span> <span class='ocrx_word' id='word_1_550' title='bbox 1133 4391 1174 4454; x_wconf 91' lang='lat' dir='ltr'>ln</span> <span class='ocrx_word' id='word_1_551' title='bbox 1202 4390 1386 4476; x_wconf 84' lang='lat' dir='ltr'>tetralogiis</span> <span class='ocrx_word' id='word_1_552' title='bbox 1414 4394 1508 4473; x_wconf 88' lang='lat' dir='ltr'>plura</span> <span class='ocrx_word' id='word_1_553' title='bbox 1537 4385 1636 4450; x_wconf 87' lang='lat' dir='ltr'>vcrba</span> <span class='ocrx_word' id='word_1_554' title='bbox 1656 4387 1816 4449; x_wconf 87' lang='lat' dir='ltr'>translata</span> 
     </span>
     <span class='ocr_line' id='line_1_40' title="bbox 34 4481 1816 4573; baseline -0.004 -22"><span class='ocrx_word' id='word_1_555' title='bbox 34 4489 197 4571; x_wconf 87' lang='lat' dir='ltr'>numerari</span> <span class='ocrx_word' id='word_1_556' title='bbox 230 4510 329 4571; x_wconf 93' lang='lat' dir='ltr'>quam</span> <span class='ocrx_word' id='word_1_557' title='bbox 362 4491 395 4552; x_wconf 94' lang='lat' dir='ltr'>in</span> <span class='ocrx_word' id='word_1_558' title='bbox 428 4491 576 4554; x_wconf 88' lang='lat' dir='ltr'>oratione</span> <span class='ocrx_word' id='word_1_559' title='bbox 609 4493 726 4573; x_wconf 89' lang='lat' dir='ltr'>quinta</span> <span class='ocrx_word' id='word_1_560' title='bbox 758 4499 791 4554; x_wconf 90' lang='lat' dir='ltr'>et</span> <span class='ocrx_word' id='word_1_561' title='bbox 819 4499 913 4555; x_wconf 87' lang='lat' dir='ltr'>sexta</span> <span class='ocrx_word' id='word_1_562' title='bbox 942 4492 976 4552; x_wconf 90' lang='lat' dir='ltr'>in</span> <span class='ocrx_word' id='word_1_563' title='bbox 1007 4510 1118 4552; x_wconf 90' lang='lat' dir='ltr'>earum</span> <span class='ocrx_word' id='word_1_564' title='bbox 1140 4487 1417 4552; x_wconf 78' lang='lat' dir='ltr'>oratiuncularum</span> <span class='ocrx_word' id='word_1_565' title='bbox 1437 4495 1554 4550; x_wconf 86' lang='lat' dir='ltr'>natura</span> <span class='ocrx_word' id='word_1_566' title='bbox 1574 4493 1607 4548; x_wconf 90' lang='lat' dir='ltr'>et</span> <span class='ocrx_word' id='word_1_567' title='bbox 1629 4481 1816 4546; x_wconf 92' lang='lat' dir='ltr'>conditione</span> 
     </span>
     <span class='ocr_line' id='line_1_41' title="bbox 31 4581 1814 4674; baseline -0.005 -23"><span class='ocrx_word' id='word_1_568' title='bbox 31 4589 177 4671; x_wconf 87' lang='lat' dir='ltr'>positum</span> <span class='ocrx_word' id='word_1_569' title='bbox 200 4595 261 4669; x_wconf 91' lang='lat' dir='ltr'>est,</span> <span class='ocrx_word' id='word_1_570' title='bbox 281 4589 329 4652; x_wconf 88' lang='lat' dir='ltr'>ita</span> <span class='ocrx_word' id='word_1_571' title='bbox 350 4596 388 4652; x_wconf 89' lang='lat' dir='ltr'>ut</span> <span class='ocrx_word' id='word_1_572' title='bbox 409 4589 535 4674; x_wconf 25' lang='lat' dir='ltr'>nethoc</span> <span class='ocrx_word' id='word_1_573' title='bbox 556 4589 692 4673; x_wconf 89' lang='lat' dir='ltr'>quidem</span> <span class='ocrx_word' id='word_1_574' title='bbox 707 4589 828 4669; x_wconf 87' lang='lat' dir='ltr'>obstet,</span> <span class='ocrx_word' id='word_1_575' title='bbox 849 4589 1025 4671; x_wconf 89' lang='lat' dir='ltr'>quominus</span> <span class='ocrx_word' id='word_1_576' title='bbox 1045 4610 1100 4652; x_wconf 88' lang='lat' dir='ltr'>eas</span> <span class='ocrx_word' id='word_1_577' title='bbox 1115 4587 1335 4671; x_wconf 89' lang='lat' dir='ltr'>Antiphontis</span> <span class='ocrx_word' id='word_1_578' title='bbox 1350 4607 1421 4650; x_wconf 91' lang='lat' dir='ltr'>esse</span> <span class='ocrx_word' id='word_1_579' title='bbox 1436 4584 1532 4650; x_wconf 92' lang='lat' dir='ltr'>nobis</span> <span class='ocrx_word' id='word_1_580' title='bbox 1549 4581 1814 4667; x_wconf 87' lang='lat' dir='ltr'>persuadeamus.</span> 
     </span>
     <span class='ocr_line' id='line_1_42' title="bbox 35 4683 1816 4776; baseline -0.006 -26"><span class='ocrx_word' id='word_1_581' title='bbox 35 4687 120 4750; x_wconf 81' lang='lat' dir='ltr'>Cum</span> <span class='ocrx_word' id='word_1_582' title='bbox 140 4687 227 4752; x_wconf 88' lang='lat' dir='ltr'>enim</span> <span class='ocrx_word' id='word_1_583' title='bbox 249 4687 415 4754; x_wconf 89' lang='lat' dir='ltr'>orationes</span> <span class='ocrx_word' id='word_1_584' title='bbox 434 4687 463 4752; x_wconf 94' lang='lat' dir='ltr'>V</span> <span class='ocrx_word' id='word_1_585' title='bbox 486 4699 519 4752; x_wconf 90' lang='lat' dir='ltr'>et</span> <span class='ocrx_word' id='word_1_586' title='bbox 534 4688 586 4753; x_wconf 89' lang='lat' dir='ltr'>Vl</span> <span class='ocrx_word' id='word_1_587' title='bbox 609 4689 652 4752; x_wconf 91' lang='lat' dir='ltr'>ad</span> <span class='ocrx_word' id='word_1_588' title='bbox 673 4689 836 4754; x_wconf 88' lang='lat' dir='ltr'>forensem</span> <span class='ocrx_word' id='word_1_589' title='bbox 857 4711 956 4754; x_wconf 91' lang='lat' dir='ltr'>usum</span> <span class='ocrx_word' id='word_1_590' title='bbox 978 4696 1155 4770; x_wconf 89' lang='lat' dir='ltr'>conceptae</span> <span class='ocrx_word' id='word_1_591' title='bbox 1178 4697 1299 4765; x_wconf 87' lang='lat' dir='ltr'>essent,</span> <span class='ocrx_word' id='word_1_592' title='bbox 1321 4685 1442 4748; x_wconf 83' lang='lat' dir='ltr'>oratori</span> <span class='ocrx_word' id='word_1_593' title='bbox 1466 4683 1618 4747; x_wconf 86' lang='lat' dir='ltr'>cautione</span> <span class='ocrx_word' id='word_1_594' title='bbox 1637 4702 1719 4765; x_wconf 91' lang='lat' dir='ltr'>opus</span> <span class='ocrx_word' id='word_1_595' title='bbox 1735 4687 1816 4776; x_wconf 86' lang='lat' dir='ltr'>erat,</span> 
     </span>
     <span class='ocr_line' id='line_1_43' title="bbox 33 4782 1817 4875; baseline -0.006 -25"><span class='ocrx_word' id='word_1_596' title='bbox 33 4807 74 4850; x_wconf 91' lang='lat' dir='ltr'>ne</span> <span class='ocrx_word' id='word_1_597' title='bbox 96 4787 199 4850; x_wconf 89' lang='lat' dir='ltr'>nimia</span> <span class='ocrx_word' id='word_1_598' title='bbox 222 4787 464 4854; x_wconf 88' lang='lat' dir='ltr'>artificiositate</span> <span class='ocrx_word' id='word_1_599' title='bbox 487 4799 520 4852; x_wconf 93' lang='lat' dir='ltr'>et</span> <span class='ocrx_word' id='word_1_600' title='bbox 542 4788 705 4875; x_wconf 84' lang='lat' dir='ltr'>gravitate</span> <span class='ocrx_word' id='word_1_601' title='bbox 727 4811 778 4854; x_wconf 89' lang='lat' dir='ltr'>:es</span> <span class='ocrx_word' id='word_1_602' title='bbox 801 4788 964 4872; x_wconf 89' lang='lat' dir='ltr'>simplices</span> <span class='ocrx_word' id='word_1_603' title='bbox 986 4796 1019 4850; x_wconf 90' lang='lat' dir='ltr'>et</span> <span class='ocrx_word' id='word_1_604' title='bbox 1040 4786 1146 4868; x_wconf 87' lang='lat' dir='ltr'>nudas</span> <span class='ocrx_word' id='word_1_605' title='bbox 1168 4784 1342 4848; x_wconf 89' lang='lat' dir='ltr'>tractando</span> <span class='ocrx_word' id='word_1_606' title='bbox 1358 4783 1458 4848; x_wconf 84' lang='lat' dir='ltr'>risum</span> <span class='ocrx_word' id='word_1_607' title='bbox 1472 4790 1628 4847; x_wconf 85' lang='lat' dir='ltr'>moveret.</span> <span class='ocrx_word' id='word_1_608' title='bbox 1657 4782 1817 4843; x_wconf 89' lang='lat' dir='ltr'>Attamen</span> 
     </span>
     <span class='ocr_line' id='line_1_44' title="bbox 32 4879 1819 4971; baseline -0.005 -23"><span class='ocrx_word' id='word_1_609' title='bbox 32 4888 189 4948; x_wconf 88' lang='lat' dir='ltr'>nonnulla</span> <span class='ocrx_word' id='word_1_610' title='bbox 211 4886 313 4951; x_wconf 90' lang='lat' dir='ltr'>etiam</span> <span class='ocrx_word' id='word_1_611' title='bbox 333 4887 367 4950; x_wconf 94' lang='lat' dir='ltr'>in</span> <span class='ocrx_word' id='word_1_612' title='bbox 389 4887 441 4952; x_wconf 91' lang='lat' dir='ltr'>his</span> <span class='ocrx_word' id='word_1_613' title='bbox 464 4885 669 4952; x_wconf 88' lang='lat' dir='ltr'>orationibus</span> <span class='ocrx_word' id='word_1_614' title='bbox 692 4887 740 4951; x_wconf 84' lang='lat' dir='ltr'>ita</span> <span class='ocrx_word' id='word_1_615' title='bbox 762 4895 951 4971; x_wconf 89' lang='lat' dir='ltr'>comparata</span> <span class='ocrx_word' id='word_1_616' title='bbox 973 4893 1050 4951; x_wconf 90' lang='lat' dir='ltr'>sunt</span> <span class='ocrx_word' id='word_1_617' title='bbox 1071 4893 1109 4948; x_wconf 90' lang='lat' dir='ltr'>ut</span> <span class='ocrx_word' id='word_1_618' title='bbox 1131 4907 1150 4946; x_wconf 90' lang='lat' dir='ltr'>a</span> <span class='ocrx_word' id='word_1_619' title='bbox 1172 4883 1366 4967; x_wconf 87' lang='lat' dir='ltr'>quotidiano</span> <span class='ocrx_word' id='word_1_620' title='bbox 1390 4882 1520 4946; x_wconf 90' lang='lat' dir='ltr'>dicendi</span> <span class='ocrx_word' id='word_1_621' title='bbox 1537 4903 1626 4945; x_wconf 88' lang='lat' dir='ltr'>more</span> <span class='ocrx_word' id='word_1_622' title='bbox 1642 4879 1819 4943; x_wconf 85' lang='lat' dir='ltr'>videantur</span> 
     </span>
     <span class='ocr_line' id='line_1_45' title="bbox 31 4977 1817 5080; baseline -0.004 -33"><span class='ocrx_word' id='word_1_623' title='bbox 31 4984 223 5050; x_wconf 84' lang='lat' dir='ltr'>recessisse:</span> <span class='ocrx_word' id='word_1_624' title='bbox 253 4984 297 5070; x_wconf 85' lang='lat' dir='ltr'>V,</span> <span class='ocrx_word' id='word_1_625' title='bbox 319 4987 374 5050; x_wconf 79' lang='lat'>37:</span> <span class='ocrx_word' id='word_1_626' title='bbox 398 4991 452 5072; x_wconf 79' lang='grc' dir='ltr'>τῆς</span> <span class='ocrx_word' id='word_1_627' title='bbox 470 4985 620 5073; x_wconf 65' lang='grc' dir='ltr'><em>ἀληδείαςσ</em></span> <span class='ocrx_word' id='word_1_628' title='bbox 633 4989 686 5050; x_wconf 84' lang='grc' dir='ltr'><em>οὐκ</em></span> <span class='ocrx_word' id='word_1_629' title='bbox 707 4985 743 5073; x_wconf 77' lang='grc' dir='ltr'>ἧν</span> <span class='ocrx_word' id='word_1_630' title='bbox 766 4989 895 5070; x_wconf 84' lang='grc' dir='ltr'><em>τιμωρὸς</em></span> <span class='ocrx_word' id='word_1_631' title='bbox 912 4986 996 5070; x_wconf 81' lang='grc' dir='ltr'><em>αὐτῷ</em></span> <span class='ocrx_word' id='word_1_632' title='bbox 1017 4983 1121 5054; x_wconf 78' lang='grc' dir='ltr'><em>οὐδείς,</em></span> <span class='ocrx_word' id='word_1_633' title='bbox 1143 5021 1184 5031; x_wconf 93' lang='lat'><em>-</em></span> <span class='ocrx_word' id='word_1_634' title='bbox 1213 4981 1250 5065; x_wconf 89' lang='lat' dir='ltr'>V,</span> <span class='ocrx_word' id='word_1_635' title='bbox 1271 4985 1325 5048; x_wconf 79' lang='lat'>91:</span> <span class='ocrx_word' id='word_1_636' title='bbox 1356 4983 1389 5045; x_wconf 83' lang='grc' dir='ltr'>ἐν</span> <span class='ocrx_word' id='word_1_637' title='bbox 1410 4981 1528 5065; x_wconf 85' lang='grc' dir='ltr'><em>ἀκέστῳ</em></span> <span class='ocrx_word' id='word_1_638' title='bbox 1551 4981 1698 5080; x_wconf 79' lang='grc' dir='ltr'><em>τρώγματ(</em></span> <span class='ocrx_word' id='word_1_639' title='bbox 1714 5027 1721 5042; x_wconf 91' lang='grc'><em>.</em></span> <span class='ocrx_word' id='word_1_640' title='bbox 1738 5027 1745 5042; x_wconf 91' lang='grc'><em>.</em></span> <span class='ocrx_word' id='word_1_641' title='bbox 1762 5031 1769 5046; x_wconf 89' lang='grc'><em>.</em></span> <span class='ocrx_word' id='word_1_642' title='bbox 1785 4977 1817 5040; x_wconf 82' lang='grc' dir='ltr'>ἐν</span> 
     </span>
    </p>
   </div>
   <div class='ocr_carea' id='block_1_3' title="bbox 0 0 2064 5526">
    <p class='ocr_par' dir='ltr' id='par_1_5' title="bbox 0 0 2064 5526">
     <span class='ocr_line' id='line_1_46' title="bbox 0 0 2064 5526; baseline 0 1"><span class='ocrx_word' id='word_1_643' title='bbox 0 0 2064 5526; x_wconf 95' lang='lat' dir='ltr'> </span> 
     </span>
    </p>
   </div>
  </div>
 </body>
</html>
