4120 5526
814 305 1035 400 ,Αθ-

60 511 158 590 plane
180 507 328 571 imbutus
351 508 394 572 sit
417 529 599 572 sermonem
621 507 812 572 affectatum
833 505 938 591 magis
961 506 1055 586 sequi
1077 527 1177 587 quam
1199 528 1274 569 eum
1295 508 1352 589 qui
1371 507 1434 570 arti
1449 529 1528 572 suae
1543 529 1602 592 per
1616 517 1722 573 totam
1738 514 1840 578 vitam

62 629 193 690 operam
214 607 401 688 navaverit,
431 610 550 671 mirum
570 631 635 671 non
658 616 718 672 est.
762 604 830 672 Sed
851 604 934 669 illud
955 626 1088 687 quoque
1117 605 1357 688 respiciendum
1387 617 1453 688 est,
1482 607 1572 690 quod
1595 606 1635 672 Ο.
1657 609 1841 679 Muellerus

61 707 205 788 monuit,
235 729 273 770 ea
295 715 406 770 aetate
430 705 613 770 orationem
633 706 822 790 pedestrem
843 704 1033 768 Atticorum
1056 712 1161 768 ortam
1184 727 1254 769 esse
1278 715 1311 768 et
1333 707 1499 770 inventam
1522 717 1560 772 ut
1581 708 1629 770 ita
1657 708 1776 790 dicam,
1805 720 1838 774 et

62 827 136 868 cum
158 800 272 891 lingua
293 805 487 869 nondum't
462 814 509 868 rta
532 809 661 869 exculta
684 814 770 871 esset
792 812 831 868 ut
853 803 1029 887 scriptores
1053 805 1161 867 omnia
1183 826 1269 887 quae
1291 808 1411 868 vellent
1433 807 1529 870 facile
1553 816 1585 870 et
1608 809 1775 872 commode
1803 818 1836 873 et

62 907 230 990 eleganter
252 905 433 988 exprimere
454 912 606 988 possent,
638 927 773 968 novar
753 902 948 968 vocabula
940 926 974 965 1n
1002 925 1098 968 suum
1126 926 1222 968 usum
1250 914 1398 968 crearent
1431 913 1465 968 et
1493 929 1533 970 ex
1555 907 1687 991 linguae
1709 907 1835 993 legibus

59 1005 240 1067 formarent
262 1025 395 1068 necesse
424 1004 539 1082 fuisse3
577 1006 671 1088 cujus
703 1004 749 1067 rei
782 1003 1007 1068 testimonium
1037 1001 1198 1086 praebent
1229 1004 1460 1086 formationes,
1492 1027 1575 1088 quas
1597 1006 1773 1091 Antiphon
1803 1015 1835 1070 et

60 1102 274 1187 Thucydides
296 1101 603 1184 frequentaverunt,
625 1101 938 1167 substantivorum
929 1124 963 1164 m
984 1091 1035 1176 osc,
1060 1091 1118 1188 ἧς,
1137 1093 1186 1186 μα
1198 1103 1399 1183 exeuntium,
1422 1125 1561 1186 quorum
1580 1128 1736 1190 magnum
1752 1107 1836 1189 apud

60 1201 314 1284 Antiphontem,
335 1223 437 1285 prope
459 1201 624 1264 infinitum
645 1222 816 1265 numerum
838 1199 927 1283 apud
949 1200 1179 1285 Thucydidem
1195 1210 1331 1266 exstare
1353 1202 1513 1268 videmus.

43 1365 45 1369 .
128 1363 130 1370 ,
212 1300 262 1365 Ut
284 1322 447 1384 apponam
470 1322 507 1363 ea
529 1322 615 1383 quae
637 1301 671 1362 in
694 1297 900 1363 orationibus
921 1299 1037 1383 quinta
1059 1309 1204 1365 etsexta
1227 1301 1331 1385 magis
1353 1300 1386 1363 in
1408 1304 1581 1384 poetarum
1604 1324 1727 1366 morem
1750 1303 1839 1365 dicta

60 1421 131 1464 esse
153 1400 329 1464 videantur
349 1407 407 1463 aut
431 1408 518 1463 certe
541 1423 560 1462 a
583 1399 747 1463 communi
769 1398 900 1463 dicendi
923 1421 1042 1485 genere
1065 1399 1273 1481 abhorreant,
1294 1399 1469 1484 Antiphon
1492 1400 1573 1464 dicit

209 1497 314 1579 VI,4
341 1497 458 1580 opeda
485 1499 609 1570 ἑαυτὸν,
641 1518 707 1580 quo
734 1500 806 1561 loco
836 1497 972 1562 verbum
995 1499 1130 1580 ἁρνενέιν
1161 1498 1250 1563 idem
1272 1498 1436 1584 significat
1458 1499 1548 1582 quod
1571 1503 1672 1585 vulgo
1695 1499 1839 1581 ἁγνίζει·

60 1599 176 1662 eodem
199 1585 296 1663 sensu
314 1605 511 1680 usurpatum
533 1606 583 1662 est
605 1596 741 1660 verbum
762 1604 836 1660 tetr.
859 1598 892 1660 A
915 1621 933 1678 y
953 1600 1007 1660 11:
1031 1597 1170 1679 ἁμεθετε
1193 1599 1245 1682 τὴν
1268 1599 1356 1660 πόλιν.
1380 1635 1419 1644 -

209 1697 254 1778 V,
275 1697 324 1762 25.
347 1699 395 1762 89.
417 1695 481 1776 VI,
503 1699 522 1761 6
544 1696 666 1781 legitur
688 1695 931 1761 substantivum
953 1697 1083 1778 αἱτίασις,
1105 1697 1195 1780 quod
1217 1706 1335 1780 postea
1357 1697 1391 1760 in
1414 1697 1512 1762 rebus
1526 1697 1711 1763 forensibus
1726 1699 1760 1760 in
1775 1721 1838 1763 usu

58 1797 159 1861 fuisse
182 1796 333 1873 videtur3
365 1817 441 1858 nam
473 1795 506 1858 in
536 1794 709 1878 pandectis
739 1794 796 1878 qui
818 1805 978 1859 vocantur
1000 1794 1101 1858 verbo
1124 1796 1288 1876 ,,αλτιάσις“
1309 1795 1508 1881 principium
1530 1797 1597 1862 litis
1620 1805 1653 1860 et
1675 1797 1837 1861 actionem

59 1904 171 1958 contra
192 1895 335 1977 aliquem
356 1894 522 1957 interdum
543 1915 615 1958 esse
637 1892 855 1978 significatam
877 1894 1103 1978 comperimus.
1155 1891 1223 1976 (Cf.
1240 1893 1399 1980 Stephan.
1414 1896 1557 1962 thesaur.
1576 1935 1611 1944 -
1634 1897 1755 1961 Pollux
1769 1895 1839 1978 III,

58 1995 112 2058 38:
143 1988 279 2078 ’θντὶρῶν
301 1996 349 2055 καὶ
370 1993 511 2062 αἰτιασεις
530 1991 736 2105 εἴρρκεν)-
767 1993 870 2076 Apud
892 1994 1134 2078 Antiphontem
1157 1994 1220 2058 hoc
1243 1995 1488 2060 substantivum
1520 1996 1666 2061 nondum
1704 1995 1765 2062 sub
1799 2018 1838 2060 eo

60 2115 157 2158 sensu
178 2092 330 2175 usurpari
352 2115 418 2175 quo
439 2093 585 2204 postea
577 2116 610 2155 in
632 2091 731 2156 rebus
752 2091 938 2158 forensibus
961 2095 1100 2157 occurrit
1123 2116 1140 2157 ε
1164 2116 1290 2158 conexu
1312 2103 1350 2159 ut
1371 2095 1419 2157 ita
1441 2093 1549 2158 dicere
1567 2095 1665 2158 liceat
1681 2096 1838 2160 sermonis

16 2201 19 2208 ’
60 2201 214 2276 apparet3
236 2191 414 2274 respondet
437 2192 523 2254 enim
545 2190 646 2254 verbo
670 2190 816 2274 αῖτιαομαι
838 2191 928 2274 quod
944 2193 1120 2257 antecedit.
1151 2192 1273 2258 Exstat
1288 2193 1426 2257 verbum
1442 2214 1575 2276 quoque
1591 2194 1679 2276 apud
1695 2193 1838 2257 Dionem

61 2287 229 2368 Cassium;
252 2289 293 2353 cf.
309 2290 359 2370 52,
381 2290 430 2356 26.

210 2389 255 2471 V,
277 2392 315 2454 19
337 2412 417 2454 usus
440 2397 489 2454 est
511 2389 684 2472 Antiphon
706 2390 814 2453 activo
837 2413 956 2476 genere
978 2391 1069 2455 verbi
1091 2392 1248 2479 α’πελέγμσ
1271 2401 1303 2456 et

212 2487 257 2568 V,
278 2487 317 2551 21
342 2488 489 2572 ejusdem
511 2488 603 2552 verbi
623 2530 626 2535 -
634 2489 766 2572 passivo
802 2487 1019 2577 drele‘ryeoduc
1044 2491 1105 2555 sub
1133 2493 1268 2556 notione
1293 2492 1495 2578 coarguendi
1518 2492 1586 2556 sive
1609 2489 1839 2571 convincendi3

59 2589 106 2653 sic
127 2597 244 2671 postea
264 2587 299 2650 in
320 2587 491 2651 Plutarchi
514 2586 698 2670 Strabonis,
719 2588 881 2669 Philonis,
903 2589 1044 2672 Josephi
1066 2593 1105 2654 al.
1127 2591 1257 2676 scriptis
1272 2601 1389 2669 ‚exstat
1411 2591 1607 2656 adhibitum.

210 2685 254 2766 V,
275 2688 313 2749 91
337 2687 460 2770 legitur
483 2685 727 2751 substantivum
753 2686 874 2768 βλάβος
899 2689 989 2769 quod
1018 2689 1125 2754 minus
1152 2689 1382 2773 frequentatur
1404 2713 1505 2774 quam
1522 2693 1634 2774 βλάβη.
1680 2687 1731 2754 Of.
1753 2691 1838 2755 Plat.

5 2825 6 2828 =
58 2791 145 2873 legg.
167 2787 186 2850 8
209 2789 241 2848 τὸ
261 2786 381 2866 βλάβος
406 2785 578 2849 ἀποτινέτω.
622 2786 768 2852 Thomas
790 2787 954 2872 Magister
981 2789 1111 2872 scripsit
1132 2792 1207 2876 ¹154:
1235 2790 1355 2870 βλάβος
1381 2790 1427 2853 ἐπὶ
1455 2788 1606 2874 οὐδετέρῳ
1637 2790 1837 2871 θοκιμώτερον

59 2884 77 2970 ἢ»
97 2885 209 2971 βλάβη.
252 2885 378 2949 Moeris
401 2885 459 2950 103
480 2885 583 2970 βλάβη
606 2886 707 2948 κοινόν.

209 2983 254 3065 V,
275 2984 314 3048 27
337 2992 445 3048 exstat
467 2984 603 3049 verbum
626 2986 731 3072 ὀπτήρ,
765 2985 855 3068 quod
887 2987 991 3073 magis
1012 2989 1185 3071 poetarum
1217 2987 1374 3070 loquendi
1407 3009 1502 3052 usum
1531 2985 1676 3049 redolere
1697 2984 1837 3048 videtur.

58 3084 175 3148 Thom.
190 3083 283 3168 Mag.
299 3083 368 3148 653.
398 3082 546 3146 Lobeok.
569 3083 611 3147 ad
626 3083 804 3168 Phrynich.
820 3086 937 3162 993-
900 3107 1026 3149 —uno
1049 3107 1183 3169 quoque
1205 3090 1277 3149 loco
1293 3085 1539 3169 Xenophonteo
1558 3085 1620 3149 hoc
1642 3083 1840 3148 vocabulum

60 3183 222 3266 reperies:
260 3181 445 3266 Cyropaed.
466 3181 528 3262 IV,
556 3185 586 3263 5,
619 3186 741 3246 17.—
772 3183 898 3247 Poe'tae
923 3183 1076 3266 saepius
1077 3205 1115 3247 eo
1137 3184 1189 3248 usi
1212 3192 1303 3248 sunt·
1339 3181 1493 3266 Sophocl.
1516 3185 1569 3268 Aj
1593 3184 1640 3294 99.
1684 3182 1839 3318 Aeschyl.

62 3278 175 3364 Suppl.
193 3283 262 3346 186.
297 3279 418 3366 Odyss.
435 3280 536 3362 XIV,
558 3281 628 3346 261.
657 3280 778 3363 XVII,
799 3281 870 3346 430

211 3361 255 3461 V,
277 3382 316 3445 78
338 3380 441 3444 habes
463 3329 600 3444 verbum
616 3382 752 3467 ycqloopc
749 3405 809 3461 ειν,
839 3402 899 3464 pro
921 3400 987 3462 qua
1010 3380 1258 3463 compositionis
1280 3381 1385 3444 forma
1407 3381 1462 3444 alii
1485 3389 1635 3445 auctores
1666 3381 1840 3468 ριλοχισοεῑν

63 3478 202 3544 scribere
224 3479 383 3546 solebant.
427 3475 478 3542 Cf.
501 3479 583 3546 Poll.
599 3478 665 3560 IX,
689 3479 736 3542 13.
761 3517 800 3526 -
830 3479 970 3562 Dionys.
993 3479 1035 3541 de
1065 3500 1207 3561 compos.
1238 3478 1327 3545 verb.
1350 3480 1387 3543 3:
1418 3480 1634 3563 μετάσκεοαῖζει
1664 3480 1716 3548 τὰς
1740 3478 1840 3548 λέξεις,
1880 3465 1889 3480 ’

61 3577 109 3640 ἵνα
131 3579 214 3662 αὐτῷ
237 3577 346 3659 γένοιτο
368 3577 566 3663 ἁρμοσθεῖσαι
588 3577 723 3646 καλλίους
744 3580 792 3640 καὶ
813 3577 1055 3663 ἐπιτηδειότεραι.
1077 3616 1118 3625 -

212 3678 326 3759 Atque
347 3676 409 3740 hoc
431 3678 605 3760 poetarum
627 3676 761 3740 modum
783 3675 940 3760 loquendi
961 3677 1112 3740 imitatur
1142 3677 1232 3760 quod
1263 3686 1312 3742 est
1333 3677 1378 3758 V,
1400 3680 1453 3741 87:
1488 3679 1599 3762 ἀνάγκη
1627 3677 1662 3740 δὲ
1684 3681 1736 3762 τῆς
1762 3677 1846 3762 δίκης

63 3775 198 3850 νικᾶσθαι
222 3777 304 3862 παρὰ
327 3779 358 3838 τὸ
380 3773 507 3860 ἀληθέα
542 3799 618 3838 nam
640 3773 780 3838 νικᾶσθαί
799 3799 875 3844 τινος
893 3775 1000 3855 „vinci
1023 3776 1064 3840 ab
1087 3777 1216 3859 aliquo,
1246 3776 1360 3840 cedere
1382 3777 1500 3841 alicui“
1523 3775 1584 3840 etsi
1605 3775 1745 3860 genitivi
1767 3799 1842 3840 cum

63 3874 199 3940 νικᾶσθαι
220 3875 321 3939 verbo
344 3875 531 3961 conjunctio
553 3885 689 3960 propter
711 3876 969 3959 comparativam
990 3877 1158 3941 notionem
1181 3898 1266 3960 quae
1281 3876 1382 3940 verbo
1405 3875 1519 3942 subest
1541 3875 1665 3959 optime
1681 3875 1843 3954 sehabet,

63 3977 98 4039 in
122 3977 269 4040 oratione
290 3976 437 4060 pedestri
459 3999 524 4040 non
546 3976 708 4060 reperitur
715 3999 723 4056 ;
758 3976 911 4060 equidem
938 3981 1087 4061 exempla
1109 3979 1214 4042 solum
1237 3998 1277 4040 ex
1298 3979 1470 4060 poetarum
1493 3974 1624 4058 scriptis
1645 3975 1679 4038 in
1701 3975 1843 4038 medium

62 4075 208 4160 proferre
229 4097 378 4159 possum:
401 4075 515 4160 Eurip.
537 4076 613 4139 Tro.
637 4076 692 4139 23:
717 4081 838 4158 νικῶμαι
860 4077 917 4163 γὰρ
937 4073 1066 4162 Ἀργείας
1083 4074 1156 4138 θεοῦ
1173 4068 1263 4160 Ἥρας
1284 4071 1407 4144 Ἀθάνας
1426 4099 1467 4137 τε.
1493 4112 1529 4122 —-
1552 4075 1631 4139 Eur.
1646 4073 1747 4137 Med.
1766 4070 1841 4134 315:

64 4175 244 4260 κρεισσόνων
266 4177 418 4258 νικώμενοι
428 4196 440 4245 ,·
462 4198 536 4239 cum
557 4175 705 4260 genitivo
728 4175 790 4238 rei:
813 4176 968 4261 Aeschyl.
992 4175 1107 4260 Suppl.
1131 4176 1226 4240 1005:
1250 4175 1351 4260 ἱμέρου
1375 4177 1540 4257 νικώμενος.
1569 4175 1616 4236 At
1632 4167 1843 4252 Thucydides

65 4275 195 4359 scrips1t
217 4275 246 4355 l,
268 4277 323 4338 76:
359 4276 415 4338 ὑπὸ
438 4281 496 4337 τῶν
515 4278 662 4358 μεγίστων
685 4274 857 4361 νικηθέντες.
890 4314 930 4322 -
964 4274 1011 4355 II,
1034 4278 1090 4341 51:
1125 4275 1181 4336 ὑπὸ
1205 4278 1255 4336 τοῦ
1285 4274 1392 4336 πολλοῦ
1421 4278 1514 4336 κακοῦ
1543 4273 1705 4350 νικώμενος.
1728 4305 1768 4314 -
1792 4266 1844 4330 Cf.

65 4373 680 4460 quoqueEurip.Iphig.Aul.1357.
713 4373 843 4440 Heracl.
866 4375 935 4441 233.
979 4373 1069 4459 Cycl.
1091 4376 1160 4440 454.
1200 4371 1353 4456 Sophocl.
1376 4375 1430 4458 Aj.
1453 4373 1521 4436 330.
1553 4368 1641 4432 1353.
1691 4367 1745 4430 De
1773 4375 1846 4431 tota

66 4473 260 4558 quaestione
283 4473 322 4536 cf.
345 4471 493 4548 Dissenii
515 4474 616 4536 verba
638 4472 680 4537 ad
702 4473 799 4540 Pind.
821 4473 918 4537 Nem.
941 4473 1007 4555 IX,
1028 4474 1057 4538 2.
1080 4511 1120 4522 -

217 4572 296 4638 Jam
318 4594 358 4635 ex
380 4571 432 4636 his
453 4572 568 4656 paucis
590 4594 675 4654 quae
697 4573 795 4635 attuli
817 4571 929 4636 videre
952 4574 1028 4636 licet
1046 4571 1295 4654 Antiphontem,
1318 4594 1391 4636 cum
1412 4570 1493 4634 haec
1514 4569 1548 4631 in
1570 4568 1618 4632 eis
1641 4565 1843 4631 orationibus

66 4673 291 4755 reperiantur,
334 4695 418 4754 quas
452 4693 526 4735 eum
558 4671 765 4753 eloquentiae
793 4671 1028 4755 peritissimum
1057 4678 1089 4734 et
1118 4692 1244 4735 summa
1280 4671 1359 4736 artis
1398 4691 1476 4733 suae
1515 4666 1613 4731 laude
1647 4668 1716 4750 jam
1749 4671 1843 4744 parta

68 4771 235 4854 scripsisse
257 4778 398 4851 constat,
419 4771 596 4834 inusitatae
619 4778 652 4832 et
674 4768 848 4833 affectatae
870 4769 1001 4834 dicendi
1024 4769 1144 4833 rationi
1164 4769 1198 4830 in
1221 4771 1410 4836 universum
1426 4767 1606 4846 studuisse,
1626 4775 1663 4828 ut
1678 4770 1764 4825 recte
1776 4762 1846 4844 jam

69 4876 196 4934 veteres
214 4869 466 4954 judicaverunt;
504 4877 537 4932 et
558 4868 626 4931 fere
648 4867 729 4932 haee
751 4869 860 4932 omnia
881 4868 916 4930 in
937 4873 1006 4934 sola
1028 4868 1144 4950 quinta
1167 4869 1314 4932 oratione
1342 4875 1535 4948 occurrunt,
1561 4885 1665 4950 pauca
1686 4861 1720 4924 in
1742 4867 1848 4926 sexta.

68 4967 189 5031 Nonne
220 4969 323 5052 igitur
354 4968 514 5051 conjicere
545 4967 641 5032 nobis
674 4967 751 5032 licet
784 4990 858 5031 eum
890 4967 1093 5051 qua'aetate
1116 4969 1194 5030 artis
1217 4965 1399 5031 rhetoricae
1420 4965 1606 5052 praeceptis
1630 4984 1710 5030 usus
1738 4969 1787 5026 est
1816 4967 1849 5022 et
