4120 5526
1094 793 1118 820 ¹«

1078 835 1089 866 λ

423 1136 482 1228 De
511 1132 720 1226 duodecim
752 1131 1015 1226 oratiunculis
1047 1159 1148 1248 quae
1179 1131 1252 1224 sub
1283 1132 1589 1248 bhmogiarum
1618 1133 1778 1224 nomine
1800 1131 1978 1250 Antipho

1010 1285 1159 1376 oratori
1188 1284 1429 1377 tribuuntur.
1475 1364 1478 1372 .
1978 1313 1979 1316 ‘

490 1532 679 1668 Sexaginta
702 1579 889 1644 orationum
911 1603 995 1662 quas
1018 1579 1061 1643 ab
1077 1579 1288 1663 Antiphonte
1310 1579 1451 1662 scriptas
1473 1600 1545 1644 esse
1563 1579 1763 1646 Plutarchus
1785 1591 1901 1658 auctor
1923 1583 1983 1670 est}

336 1683 451 1746 decem
470 1690 571 1747 oratt.
593 1704 623 1765 p.
644 1680 705 1745 833
727 1679 780 1743 ed.
801 1678 935 1764 Reisk),
952 1681 1023 1764 jam
1038 1676 1204 1762 Caecilius
1220 1676 1413 1743 Calactinus
1435 1677 1548 1742 rhetor
1569 1678 1690 1764 viginti
1712 1680 1861 1762 quinque
1883 1680 1926 1754 ab
1942 1681 1984 1772 eo]

337 1803 428 1846 casse
450 1781 590 1856 dicitur3
613 1801 669 1843 cas
691 1785 803 1841 autem
824 1799 910 1860 quae
926 1776 988 1842 sub
1001 1777 1222 1861 Antiphontis
1237 1777 1370 1841 nomine
1386 1776 1429 1840 ad
1444 1798 1505 1841 nos
1519 1786 1742 1861 pervenerunt
1758 1801 1871 1845 omncs
1887 1780 1985 1846 citri!

208 1913 215 1924 ·
336 1901 408 1945 esse
434 1877 585 1943 nonnulli
610 1877 672 1939 viri
701 1877 885 1941 doctissimi
917 1884 1133 1962 negaverunt.
1178 1874 1251 1939 Iam
1273 1875 1361 1940 enim
1382 1874 1406 1939 J
1408 1875 1521 1940 onsius
1543 1876 1594 1938 vir
1613 1876 1827 1956 doctissimus
1854 1882 1986 1944 saeculo

338 1977 466 2040 decimo
489 1998 602 2041 omnes
623 1970 858 2058 „scholasticas
881 1983 983 2057 atque
1005 1975 1100 2040 fictas
1123 1996 1195 2039 esse
1217 1973 1498 2038 declamationes“
1522 1974 1694 2038 contendit
1715 1976 1919 2060 argumentis
1941 1977 1988 2064 vir}

337 2074 461 2159 quibus
483 2097 568 2158 quae
591 2074 728 2141 sentiret
749 2073 981 2159 probarentur,
1013 2073 1235 2138 Ruhnkenius
1257 2080 1382 2154 contra,
1415 2073 1510 2156 cujus
1537 2073 1722 2137 sententiae
1744 2074 1989 2140 Maetznerusr

336 2173 555 2258 Antiphontis
577 2196 633 2238 eas
656 2195 728 2238 esse
751 2173 976 2237 demonstrare
998 2173 1147 2250 studuit3
1169 2171 1384 2236 Maetznerus
1405 2171 1488 2254 ipsc,
1510 2171 1573 2236 etsi
1590 2193 1715 2253 omnes,
1737 2180 1775 2235 ut
1792 2195 1990 2238 commemor

336 2273 498 2358 genuinas
521 2295 593 2340 esse
614 2271 787 2336 habendas
810 2275 939 2350 censet,
967 2279 1082 2333 tamen
1110 2271 1264 2334 concedit
1293 2269 1433 2353 primam
1465 2291 1552 2352 quae
1580 2271 1702 2336 nostris
1726 2271 1929 2337 editionibus
1951 2293 1992 2360 pr

338 2373 522 2436 orationem
545 2371 587 2434 ab
609 2370 778 2434 imitatore
800 2369 947 2452 quodam
969 2369 1126 2452 scriptam
1152 2368 1274 2449 videri,
1301 2390 1401 2450 quem
1422 2367 1643 2452 Antiphontis
1672 2371 1815 2456 vestigia
1843 2371 1891 2435 ita
1920 2367 1993 2455 pers

322 2492 410 2534 -csse
432 2477 570 2550 statuat,
592 2478 630 2533 ut
651 2473 724 2556 ipsa
747 2469 930 2534 similitudo
953 2491 1039 2552 quae
1061 2468 1247 2532 intercedat
1267 2467 1354 2530 inter
1376 2467 1531 2550 discipuli
1555 2476 1588 2530 et
1604 2469 1754 2554 magistri
1771 2473 1937 2535 orationes
1953 2471 1995 2534 ad

336 2567 537 2633 recentiores
570 2567 721 2632 homines
752 2568 787 2631 in
820 2590 892 2631 eam
925 2567 1131 2650 opinionem,
1164 2575 1202 2629 ut
1234 2565 1344 2630 eidem
1377 2564 1498 2628 oratori
1532 2573 1566 2628 et
1598 2564 1683 2628 hanc
1715 2574 1750 2629 et
1778 2568 1922 2649 reliquas
1945 2565 1996 2656 tril

337 2668 505 2732 orationes
538 2667 593 2748 (cf.
616 2667 756 2751 praefat.
784 2688 861 2751 pag.
885 2665 937 2729 lV
958 2666 1145 2730 Maetzneri
1167 2663 1310 2747 Antiph.
1334 2672 1433 2727 oratt.
1459 2663 1575 2747 edit),
1608 2664 1668 2729 sed
1698 2661 1947 2731 Sohoemannus
1981 2690 1997 2730 6

337 2765 477 2850 primam
509 2773 542 2829 et
574 2765 770 2850 tetralogias
802 2787 888 2848 quae
921 2772 1083 2828 vocantur
1115 2762 1157 2827 ab
1188 2762 1399 2850 Antiphonte
1432 2762 1640 2846 adjudicavit
1672 2763 1793 2847 (annal.
1823 2763 1932 2828 Berol.
1956 2768 1999 2840 18

337 2887 370 2949 p.
389 2864 478 2949 482).
521 2863 643 2947 Itaque
666 2887 740 2927 cum
762 2865 824 2927 viri
846 2863 936 2928 docti
959 2863 1109 2926 alterutri
1132 2865 1317 2927 sententiae
1344 2862 1602 2943 assentirentur,
1636 2862 1762 2926 factum
1796 2871 1846 2928 est
1881 2872 1918 2927 ut
1951 2865 2000 2930 usi

337 2972 451 3028 nostra
471 2971 622 3046 tempora
644 2970 677 3026 et
700 2963 742 3026 de
765 2963 871 3046 prima
893 2972 928 3026 61
950 2964 992 3027 de
1014 2963 1191 3026 duodecim
1213 2984 1299 3045 quae
1320 2961 1461 3046 primam
1489 2969 1674 3044 sequuntur
1704 2960 1910 3028 orationibus
1934 2961 2001 3028 sub

337 3062 379 3125 lis
401 3061 454 3126 sit.
497 3061 587 3123 Nam
609 3061 651 3124 de
674 3062 791 3144 quinta
814 3070 847 3125 et
870 3071 965 3126 sexta
987 3085 1073 3145 quae
1095 3063 1130 3125 in
1153 3061 1357 3127 editionibus
1378 3069 1594 3125 numerantur
1615 3061 1672 3125 vix
1704 3060 1872 3126 dubitatio
1904 3053 2002 3134 csse}

337 3159 477 3243 primam
499 3167 612 3223 autem
625 3159 846 3244 Antiphontis
869 3183 940 3226 esse
962 3170 1142 3246 postquam
1162 3164 1260 3246 longe
1282 3160 1415 3244 plurimi
1436 3159 1498 3223 viri
1521 3160 1612 3223 docti
1640 3159 1703 3224 sibi
1723 3161 1958 3244 persuaserint,

337 3258 401 3321 lius
423 3259 473 3321 vir
494 3259 749 3340 eruditissimus,
771 3264 896 3344 quippe
918 3259 975 3342 qui
997 3259 1096 3344 hujus
1117 3259 1258 3325 oratoris
1275 3259 1406 3343 scriptis
1421 3281 1576 3343 magnam
1591 3280 1726 3341 operam
1740 3263 1923 3340 manaverit,
1946 3268 2005 3346 ets¹

338 3358 486 3440 spuriam
507 3379 580 3421 eam
602 3380 674 3424 esse
697 3359 899 3422 existimavit
921 3359 973 3438 (cf.
997 3361 1068 3441 ejus
1090 3381 1236 3438 συναγωγ.
1257 3362 1368 3444 τεχνῶν
1389 3378 1420 3440 p.
1438 3357 1526 3440 118),
1548 3354 1788 3420 recentioribus
1803 3347 2005 3439 temporibus

335 3455 455 3540 phonti
477 3478 549 3522 esse
570 3456 783 3526 tribuendam
803 3480 863 3541 pro
887 3464 979 3521 certo
1002 3458 1119 3522 habuit
1143 3458 1200 3542 (cf.
1221 3455 1310 3522 Mus.
1332 3454 1439 3520 Rhen.
1462 3477 1538 3519 nov.
1561 3476 1622 3520 ser.
1645 3452 1851 3518 v01.XV11.
1875 3455 1965 3520 1862.
1987 3479 2005 3540 p

336 3563 513 3640 propterea
535 3556 626 3638 quod
648 3579 809 3622 summam
830 3561 917 3621 inter
939 3581 1011 3622 eam
1034 3566 1068 3621 61
1090 3557 1242 3641 quintam
1264 3562 1459 3637 sextamque
1481 3553 1573 3636 quod
1603 3553 1646 3616 ad
1669 3553 1849 3617 dictionem
1872 3553 1993 3618 attinet

337 3655 489 3719 tudinem
520 3655 725 3720 intercedere
755 3665 930 3724 constaret.
984 3655 1053 3722 Sed
1082 3655 1144 3718 hac
1172 3655 1206 3718 in
1233 3675 1267 3716 re
1292 3652 1447 3716 Pahlium
1473 3660 1622 3716 nostrum
1652 3652 1760 3714 virum
1789 3652 2005 3718 doctissimum

339 3753 463 3835 optimc
479 3754 660 3838 judicasse,
682 3777 756 3818 cum
779 3756 905 3820 diceret
928 3755 999 3837 (die
1020 3755 1139 3819 Reden
1161 3753 1220 3818 des
1241 3751 1425 3835 Antiphon.
1458 3750 1482 3815 J
1485 3772 1562 3814 ever
1585 3751 1694 3834 1860),
1716 3772 1793 3814 eum
1814 3751 1872 3835 qui
1895 3752 2005 3836 primax

337 3850 463 3914 tionem
485 3853 678 3937 scripsisset,
700 3862 733 3917 61
755 3855 889 3939 ingenio
913 3864 947 3918 61
969 3855 1050 3918 artis
1072 3853 1256 3917 rhetoricae
1277 3851 1398 3934 peritia
1422 3853 1529 3913 multo
1551 3849 1713 3914 minorem
1734 3849 1839 3914 videri
1864 3850 1968 3918 fuisse
1997 3875 2005 3914 a

339 3949 516 4013 duodecim
536 3953 667 4016 illarum
689 3953 886 4034 orationum,
908 3975 995 4036 quae
1016 3951 1113 4018 nobis
1134 3949 1385 4036 tetralogiarum
1407 3949 1540 4013 nomine
1560 3948 1706 4012 traditae
1728 3957 1814 4017 sunt.
1835 3989 1837 3994 .
1858 3947 1971 4031 Quare
1995 3974 2005 4015 ε

338 4048 456 4113 horum
492 4049 637 4112 virorum
672 4052 714 4116 de
746 4051 807 4124 hac
834 4074 868 4115 re
902 4051 1145 4135 disceptatione
1170 4049 1206 4113 id
1228 4070 1387 4133 apparere
1410 4048 1553 4128 videtur,
1575 4070 1650 4110 cum
1672 4048 1867 4134 tetralogias
1889 4050 2005 4134 injuria

338 4147 462 4232 phonti<
478 4146 582 4211 tribui
603 4148 698 4214 nobis
719 4152 996 4232 percusserimus,
1031 4150 1171 4233 primam
1199 4169 1334 4232 prorsus
1356 4168 1423 4210 non
1443 4144 1710 4229 Antiphonteam
1733 4168 1804 4211 esse
1827 4146 2005 4211 habendam

338 4253 450 4310 tamen
471 4268 523 4312 res
546 4268 587 4310 ex
609 4267 683 4308 mea
705 4249 871 4312 sententia
892 4271 959 4312 non
980 4256 1050 4311 tam
1072 4253 1156 4310 male
1178 4269 1213 4312 se
1235 4244 1337 4308 habet
1358 4253 1397 4307 ut
1418 4266 1579 4330 cogamur
1599 4245 1629 4307 ei
1653 4246 1839 4309 sentcntiae
1861 4246 2005 4310 accedero

339 4365 394 4408 eas
425 4345 523 4410 fictas
552 4353 586 4408 et
619 4343 834 4410 scholasticas
861 4346 1119 4411 declamationes
1149 4367 1220 4410 esse
1253 4344 1475 4409 contenditur.
1528 4343 1582 4407 De
1611 4344 1717 4427 prima
1746 4344 1832 4408 enim
1855 4345 2004 4409 oratione

340 4444 568 4523 quaestionem
598 4443 722 4528 optime
757 4445 914 4508 tractavit
935 4443 1114 4528 Adolphus
1141 4443 1282 4528 Hoppe,
1318 4445 1376 4526 qui
1407 4443 1643 4508 dissertatione
1668 4443 1856 4528 inaugurali
1885 4466 2005 4528 quaer

339 4562 441 4623 quam
473 4541 515 4604 de
536 4543 747 4627 Antiphonte
781 4543 913 4626 scripsit
946 4542 1269 4626 (Antiphonteorum
1301 4542 1477 4626 specimen.
1521 4539 1630 4606 Halae
1653 4539 1731 4607 Sex.
1756 4543 1864 4627 1873),
1900 4545 2005 4608 omnil

338 4660 425 4721 quae
452 4637 632 4704 adversarii
660 4645 870 4726 protulerunt
898 4642 1030 4725 rejectis
1058 4641 1176 4705 eodem
1199 4643 1274 4726 jure
1303 4664 1370 4724 quo
1393 4641 1545 4725 quintam
1569 4649 1602 4705 et
1625 4650 1753 4706 sextam
1774 4641 2005 4725 Antiphontis

339 4737 479 4802 caudam
501 4758 573 4801 esse
596 4737 844 4804 demonstravit.
878 4739 932 4803 Dc
953 4739 1139 4825 tetralogiis
1162 4748 1278 4804 autem
1299 4761 1351 4805 res
1374 4743 1475 4804 etiam
1496 4742 1530 4803 in
1547 4740 1650 4804 dubio
1674 4748 1734 4807 est.
1764 4737 1876 4821 Quare
1891 4740 1954 4804 hoc
1972 4765 2005 4826 op

339 4856 455 4901 causas
488 4835 733 4918 examinantes,
766 4838 888 4921 quibus
923 4839 1079 4903 commoti
1114 4838 1176 4902 viri
1210 4839 1301 4904 docti
1335 4840 1395 4906 has
1416 4839 1493 4905 XII
1524 4841 1692 4905 orationes
1713 4840 1844 4923 spurias
1865 4838 2005 4904 habendo

339 4936 536 5016 censuerint,
557 4937 714 4999 nonnulla
735 4937 951 5020 proferamuS,
973 4937 1097 5020 quibus
1120 4937 1340 5006 demonstrari
1362 4938 1592 5004 existimamus
1614 4960 1680 5003 non
1703 4938 1785 5004 satis
1808 4961 1879 5004 esse
1902 4961 2005 5024 quae]

1914 5057 1929 5108 1
