4120 5526
878 307 898 368 2

812 393 961 402 ——-———

11 517 64 573 mt
86 518 280 594 argumenta
302 510 346 573 ad
366 508 572 594 probandam
594 531 708 574 eorum
731 505 945 582 sententiam3
981 527 1067 587 quae
1090 505 1117 569 si
1139 506 1390 630 protulerimus,
1411 509 1569 569 nonnulla
1591 505 1633 568 de
1655 527 1776 590 genere

10 591 118 672 icendi
141 609 313 675 addamus.
356 606 480 674 Statim
501 610 605 694 igitur
627 609 670 671 ad
692 631 760 673 rem
783 605 988 670 accedamus

9 691 11 796 J
137 706 179 769 In
200 707 314 791 primis
336 707 578 790 respiciendum
608 716 675 788 est,
706 705 993 788 Antiphontem,
996 725 1206 786 quamquam
1232 702 1415 787 principem
1438 706 1584 767 omnium
1607 712 1775 768 oratorum

7 805 176 869 itticorum
198 828 273 868 eum
295 805 397 870 fuisse
419 814 549 870 veteres
570 755 792 884 tradiderunt,
814 805 996 894 numquam
1016 801 1149 885 publice
1170 824 1278 884 neque
1300 802 1334 864 in
1357 802 1513 867 concione
1536 824 1644 885 neque
1665 825 1775 867 coram
1816 861 1819 864 .

6 903 151 968 rdinibus
174 904 358 968 orationem
378 902 550 981 habuisse3
573 907 672 968 semel
694 912 806 966 autem
829 923 962 968 causam
985 922 1060 962 cum
1083 899 1207 964 dixisse
1223 907 1363 972 constat,
1387 922 1461 963 cum
1477 902 1598 983 seipse
1615 900 1774 967 defendit.

5 999 63 1086 flua
85 1003 126 1066 de
148 1025 182 1066 re
206 1003 362 1067 certiores
384 1025 444 1066 nos
466 1002 546 1065 fecit
567 1001 802 1086 Thucydides,
830 998 888 1082 qui
918 1021 957 1062 eo
979 999 1185 1062 familiariter
1206 1021 1286 1064 usus
1309 1021 1381 1064 esse
1402 999 1546 1081 videtur,
1567 1000 1643 1064 libri
1666 1003 1774 1062 octavi

2 1101 95 1225 apite
117 1101 167 1182 68,
197 1124 264 1184 quo
294 1104 367 1166 loco
390 1100 567 1184 Antiphon
597 1101 720 1164 dicitur
749 1099 852 1162 fuisse
883 1099 960 1184 ἀνὴρ
982 1092 1142 1182 Ἀθηναίων
1172 1104 1232 1160 τῶν
1261 1094 1335 1161 καθ’
1358 1099 1464 1162 ἑαυτὸν
1486 1101 1581 1185 ἀρετῇ
1604 1125 1620 1162 τ
1625 1095 1778 1168 οὐδενος

2 1201 131 1284 Ιεύτεμος
156 1203 205 1262 καί
236 1201 431 1285 κμιίτιστοςε
416 1197 621 1283 satanacam
652 1199 811 1280 γενόμενος
837 1199 885 1258 καί
907 1195 926 1257 δ
950 1196 1029 1280 γνοίη
1053 1197 1161 1263 εἰπεῖν,
1192 1199 1240 1258 καί
1263 1196 1347 1265 ἐς
1312 1221 1368 1279 αεν
1391 1198 1484 1282 δῆμον
1506 1197 1572 1260 οὐ
1565 1199 1680 1282 παριὼν
1702 1191 1774 1261 οὐδ’

1 1298 125 1367 <sillae
148 1299 251 1379 ἀγῶνα
275 1298 410 1366 ἑκονσιος
428 1297 538 1360 οὐδένα
560 1291 667 1358 α’λλΗ
653 1297 794 1365 naalma<
813 1300 857 1379 το)
880 1293 985 1380 aladen
1008 1295 1056 1356 διὰ
1079 1295 1213 1365 δόξαν
1194 1296 1361 1379 οεινιίτητος
1379 1296 1570 1378 διακείμενος,
1595 1297 1773 1380 τοδςμέντοι

1 1397 218 1481 Ιμονιζσμένσος
251 1401 300 1460 καί
330 1397 362 1459 ἐν
391 1397 574 1482 δικαστηρίῳ
604 1399 652 1458 καί
684 1396 715 1458 ἐν
743 1395 830 1482 δήμῳ
859 1395 978 1457 πλείστα
1008 1393 1051 1462 εἷς
1081 1395 1166 1480 ἀνὴρ,
1191 1396 1271 1460 ὅστις
1290 1395 1541 1478 ξομβοολεύσαιτιί
1565 1421 1588 1458 τι
1612 1397 1777 1478 δυνάμενος

1 1497 121 1579 *celaia
165 1499 214 1559 καὶ
235 1497 327 1566 αὐτὸς
346 1497 397 1567 δὲ,
416 1496 530 1580 ἐπειδὴ
560 1497 594 1558 τὰ
617 1502 676 1558 τῶν
699 1493 898 1580 τετρακοσίων
921 1493 952 1555 ἐν
977 1493 1094 1578 ὑστέρῳ
1113 1495 1322 1575 μεταπεσόντα
1344 1494 1401 1556 aaa
1424 1498 1474 1556 τοῦ
1497 1495 1593 1581 δήμοο
1615 1495 1771 1569 ἐκακοῦτο,

1 1620 93 1678 μισια
116 1595 251 1679 φαίνεται
274 1601 333 1657 τῶν
351 1595 438 1680 μέχρι
460 1596 532 1660 ἐμοῦ
555 1595 631 1679 ὑπὲρ
653 1596 753 1657 αὐτῶν
776 1593 895 1668 τούτων,
919 1590 1063 1659 αἷτιαδείς
1081 1593 1125 1658 ὡς
1144 1591 1380 1676 ξογκοτέστησε,
1405 1591 1536 1654 δανιίτοο
1560 1593 1644 1678 δίκην
1665 1595 1771 1655 ἀπολο-

22 1696 156 1778 σκίμενος.
199 1693 328 1758 Locum
351 1694 511 1776 adposui,
540 1695 619 1775 quia
640 1694 726 1756 infra
748 1694 905 1755 nonnulla
927 1712 968 1753 ex
991 1712 1029 1752 eo
1051 1690 1209 1772 explicari
1233 1698 1265 1753 et
1286 1691 1441 1775 intellegi
1457 1700 1607 1773 possunt.
1650 1692 1772 1756 Earum

0 1822 11 1875 ¹.
19 1795 85 1856 'tur
107 1793 303 1874 orationum,
325 1815 411 1875 quae
434 1793 477 1855 ad
499 1815 559 1856 nos
580 1800 818 1875 pervenerunt,
840 1813 881 1853 ne
902 1811 1003 1853 unam
1025 1789 1160 1872 quidem
1181 1791 1253 1873 ipse
1275 1789 1403 1870 habuit,
1426 1812 1500 1852 cum
1521 1791 1576 1853 illa
1598 1791 1682 1873 ipsa,
1705 1813 1772 1873 qua

1 1915 91 1955 oram
119 1896 243 1976 populo
273 1915 306 1958 se
334 1891 556 1972 defendebat,
593 1901 627 1954 et
657 1913 757 1972 quam
779 1889 1022 1972 Harpocration
1053 1912 1152 1972 saepe
1180 1889 1312 1952 nomine
1344 1891 1375 1951 ἓν
1404 1895 1447 1982 aq]
1475 1893 1542 1975 περὶ
1559 1893 1776 1974 μεταστάσεως

2 1993 144 2075 scripsit,
165 1991 297 2075 perdita
320 1991 374 2072 sit,
396 1991 444 2054 ita
466 2000 503 2052 ut
525 2013 632 2074 pauca
655 1987 766 2069 verba,
789 1988 911 2070 quibus
932 1987 1106 2071 Antiphon
1128 1987 1161 2050 in
1185 2010 1223 2050 ea
1246 1987 1368 2050 dicitur
1389 2011 1469 2052 usus
1481 2011 1582 2070 esse,
1603 1989 1638 2052 in
1660 1990 1771 2054 rheto-

8 2113 53 2153 nn
76 2091 206 2173 scriptis
229 2099 360 2153 servata
383 2089 457 2152 sint.
490 2088 665 2171 Antiphon
686 2087 790 2172 igitur
810 2087 936 2170 primus
959 2109 1072 2149 eorum
1094 2085 1268 2150 habendus
1292 2093 1352 2166 est,
1374 2087 1433 2169 qui
1454 2109 1514 2170 pro
1537 2089 1610 2154 aliis
1625 2090 1659 2152 in
1674 2112 1771 2154 usum

0 2211 144 2252 rensem
166 2189 332 2252 orationes
355 2187 573 2271 conciperent.
618 2186 706 2249 Nam
729 2209 803 2249 cum
825 2185 967 2250 Athenis
991 2194 1078 2250 esset
1098 2188 1168 2265 lex,
1201 2193 1238 2247 ut
1264 2185 1322 2267 qui
1352 2207 1485 2250 eausam
1513 2186 1670 2269 haberet,
1699 2191 1771 2273 ipse

5 2309 91 2349 oram
119 2287 290 2370 judicibus
323 2308 391 2350 rem
425 2309 519 2350 suam
553 2286 695 2366 diceret,
729 2307 747 2347 a
776 2286 887 2348 multis
915 2283 1158 2367 expetebantur
1186 2283 1243 2365 qui
1271 2284 1318 2346 eis
1352 2284 1558 2350 orationibus
1580 2287 1702 2368 quibus
1724 2287 1771 2350 rei

1 2395 153 2449 terentur
174 2385 398 2469 concipiendis
421 2407 556 2468 operam
579 2407 673 2448 suam
694 2391 863 2446 navarent.
908 2383 948 2446 ln
969 2405 1105 2447 numero
1129 2392 1242 2446 autern
1272 2383 1389 2447 horum
1410 2386 1691 2471 logographorum
1713 2389 1771 2470 qui

2 2484 185 2548 ocabantur
206 2484 450 2568 Antiphontem
472 2484 575 2548 fuisse
598 2490 735 2567 apparet
751 2504 797 2554 ea
820 2503 953 2564 quoque
976 2504 1016 2545 ex
1038 2503 1083 2562 re,
1106 2481 1199 2563 quod
1222 2481 1396 2546 aPlatone
1420 2485 1545 2547 comico
1567 2485 1772 2550 illudebatur

1 2585 58 2664 uia
84 2605 144 2666 pro
173 2582 379 2647 orationibus
408 2582 443 2644 in
469 2583 607 2645 aliorum
636 2603 736 2646 usum
766 2580 959 2663 conscriptis
985 2581 1158 2665 pecuniam
1181 2581 1363 2664 accepisset
1386 2583 1442 2664 (cf.
1465 2583 1564 2646 Phot.
1589 2585 1660 2648 cod.
1683 2585 1771 2669 259).

16 2703 101 2763 aque
122 2681 195 2745 illas
217 2703 363 2764 quoque,
385 2702 470 2762 quae
494 2680 537 2743 ad
558 2703 618 2744 nos
640 2686 872 2762 pervenerunt,
893 2679 927 2741 in
949 2683 1048 2741 talem
1071 2701 1169 2744 usum
1191 2678 1331 2762 scripsit.

133 2779 173 2842 In
196 2781 313 2862 quinta
335 2787 447 2841 autem
469 2786 502 2841 et
524 2787 619 2842 sexta
641 2780 789 2842 oratione
807 2779 875 2842 leci
897 2800 1086 2842 communes
1109 2779 1168 2860 qui
1190 2777 1356 2860 dicuntur,
1379 2779 1596 2863 reperiuntur,
1618 2781 1675 2861 qui
1698 2802 1769 2843 mu·

1 2882 59 2944 atis
95 2883 142 2943 eis
178 2901 264 2961 quae
301 2877 461 2941 mutanda
497 2886 590 2941 erant
616 2899 750 2961 prorsus
778 2877 864 2939 inter
893 2899 927 2941 se
950 2886 1136 2963 congruunt
1159 2877 1216 2960 (of.
1239 2875 1281 2958 V,
1304 2881 1351 2941 14.
1383 2877 1446 2958 VI,
1468 2879 1496 2940 2.
1519 2915 1560 2924 -
1582 2887 1769 2962 congruunt

2 3001 114 3062 noque
136 2976 180 3058 V,
202 2979 243 3042 84
265 2986 298 3040 ct
324 2975 384 3057 Vl,
406 2977 456 3040 24.
486 2975 530 3056 V,
552 2977 592 3040 38
615 2985 648 3041 et
670 2975 733 3056 VI,
755 2977 821 3060 27).
866 2975 943 3056 Qua
965 2999 1063 3040 exre
1087 2977 1239 3040 concludi
1261 2996 1360 3060 posse
1381 3000 1477 3041 nemo
1501 2985 1551 3042 est
1573 2977 1631 3058 qui
1658 2984 1770 3061 neget,

13 3076 222 3161 ntiphontem
244 3075 356 3159 ipsum
378 3078 462 3139 tales
483 3078 574 3140 locos
598 3075 660 3140 sibi
684 3076 932 3158 conscripsisse,
961 3075 1083 3158 quibus
1111 3075 1155 3138 ad
1178 3075 1325 3159 singulas
1349 3077 1515 3140 orationes
1538 3075 1770 3159 concipiendas

1 3185 128 3240 teretur
151 3186 183 3239 et
199 3197 284 3259 quos
299 3197 407 3238 rerum
423 3175 556 3238 veritati
572 3184 605 3238 et
622 3184 771 3254 naturae,
792 3173 1009 3258 temporibus,
1030 3173 1122 3255 locis,
1143 3174 1314 3237 hominum
1328 3174 1476 3238 moribus
1492 3173 1769 3238 accommodaret.

0 3279 99 3358 eque
122 3275 231 3340 minus
253 3273 430 3338 verisimile
453 3282 503 3338 est
526 3275 606 3337 talia
628 3294 703 3337 enm
726 3275 905 3357 scripsisse,
926 3284 964 3338 ut
985 3276 1019 3337 in
1043 3275 1150 3338 causis
1171 3274 1355 3339 tractandis
1378 3296 1412 3338 se
1436 3279 1613 3353 exerceret,
1642 3275 1713 3353 vel,
1743 3272 1771 3336 si

1 3374 114 3437 uidem
150 3382 239 3436 recte
273 3395 307 3437 se
339 3372 462 3436 babere
493 3382 649 3458 putemus
676 3373 767 3456 quod
795 3373 943 3436 nonnulli
971 3373 1032 3436 viri
1055 3372 1145 3436 docti
1168 3373 1365 3455 opinantur,
1392 3379 1430 3434 ut
1453 3371 1556 3434 eisin
1580 3370 1770 3458 erudiendis

1 3473 150 3556 iscipulis
172 3481 331 3535 uteretur.
376 3471 587 3555 Quamquam
610 3494 649 3534 ea
671 3471 713 3534 de
735 3493 768 3534 re
792 3472 938 3536 dubitari
960 3481 1090 3557 potest,
1117 3493 1196 3534 num
1218 3493 1331 3534 verum
1355 3471 1415 3551 sit,
1438 3469 1529 3552 quod
1551 3478 1679 3532 veteres
1701 3477 1768 3530 tra-

4 3571 146 3653 'derunt,
170 3594 244 3635 eum
267 3571 370 3658 τέχνην
391 3593 478 3654 quae
499 3579 638 3634 vocatur
660 3570 840 3653 scripsisse,
862 3571 914 3634 cui
928 3574 1019 3635 locos
1036 3590 1226 3633 communes
1243 3577 1276 3632 et
1291 3570 1486 3654 tetralogias
1502 3590 1577 3631 eum
1591 3567 1769 3630 inseruisse
1809 3631 1812 3638 ,

1 3669 178 3756 *pengelius
201 3672 342 3756 conjecit
365 3671 420 3755 (cf.
438 3673 509 3753 ejus
533 3673 691 3756 συναγωγὴ
714 3676 825 3756 τεχνῶν
848 3670 928 3734 1828
949 3693 981 3753 p.
999 3671 1068 3733 119.
1093 3669 1177 3752 120).
1224 3665 1361 3733 sivero
1385 3667 1606 3745 concedimus,
1628 3664 1769 3747 idquod

0 3797 13 3829 ι
55 3771 102 3834 eis
129 3792 215 3852 quae
246 3769 391 3834 diximus
419 3770 546 3853 optime
572 3771 646 3853 jure
672 3764 744 3832 fieri
773 3790 871 3851 posse
899 3768 1059 3848 vidimus,
1092 3765 1179 3829 hunc
1209 3774 1371 3830 oratorem
1395 3765 1457 3831 sibi
1481 3765 1563 3827 talia
1586 3763 1769 3848 collegisse,

1 3868 104 3949 uibus
126 3868 169 3931 ad
192 3876 298 3933 certas
321 3889 437 3933 causas
459 3868 650 3933 tractandas
672 3876 839 3948 uteretur,
863 3889 971 3932 nonne
994 3866 1111 3930 eodem
1129 3867 1205 3950 jure
1228 3867 1389 3950 conjicere
1411 3865 1488 3927 licet
1510 3863 1570 3928 has
1593 3861 1769 3926 duodecim

2 3969 205 4032 ratiunculas
228 3967 344 4031 eadem
366 3969 493 4030 ratione
516 3975 550 4030 et
571 3967 606 4029 in
629 3967 775 4030 eundum
796 3988 894 4032 usum
917 3965 958 4030 ab
981 3989 1020 4030 eo
1048 3976 1225 4049 conceptas
1255 3986 1326 4030 esse
1356 3965 1404 4027 ita
1431 3973 1562 4043 tamen,
1594 3969 1632 4024 ut
1665 3961 1770 4045 magis

16 4066 82 4128 iam
104 4067 184 4129 artis
206 4065 389 4129 rhetoricae
411 4065 615 4128 exercendae
637 4087 738 4148 quam
759 4065 884 4149 publici
899 4087 980 4130 usus
995 4087 1094 4128 causa
1111 4085 1166 4129 eas
1187 4060 1432 4128 conscriberet?
1454 4061 1544 4125 Nam
1558 4060 1621 4124 hoc
1637 4060 1770 4122 minime

5 4163 207 4227 ntenderim
229 4187 284 4228 eas
305 4163 484 4228 imitandas
507 4162 548 4225 ab
572 4185 611 4226 eo
633 4164 821 4247 propositas
843 4183 925 4243 esse,
946 4185 987 4227 ne
1008 4163 1042 4226 in
1065 4164 1279 4228 offensionem
1301 4183 1415 4225 eorum
1436 4163 1611 4237 incurram,
1634 4157 1691 4239 qui
1715 4177 1770 4220 eas

1 4265 36 4327 ix
58 4264 166 4326 tirone
187 4263 306 4348 dignas
329 4283 400 4327 esse
424 4262 682 4327 declamationes
704 4261 768 4327 sibi
790 4262 1025 4347 persuaserint.
1068 4263 1182 4349 Magis
1204 4263 1298 4342 illud,
1321 4262 1349 4326 si
1371 4260 1617 4344 Antiphontem
1638 4277 1672 4319 re
1693 4275 1770 4317 vera

1 4362 23 4424 d
46 4362 284 4446 discipulorum
305 4382 403 4426 usum
425 4381 480 4426 eas
502 4361 671 4443 scripsisse
692 4383 874 4445 ponamus,
896 4370 979 4446 puto
1002 4362 1068 4425 dici
1089 4383 1188 4446 posse
1209 4359 1396 4445 tetralogiis
1419 4353 1606 4420 accuratius
1629 4361 1662 4416 et
1684 4353 1771 4416 dilu-

0 4460 88 4526 rdius
116 4482 190 4524 eum
221 4461 450 4544 expositurum
476 4459 598 4540 luisse,
630 4460 752 4543 quibus
781 4461 966 4526 rationibus
999 4462 1150 4547 singulae
1173 4482 1291 4525 causae
1314 4480 1424 4524 coram
1442 4452 1613 4539 judicibus
1634 4455 1771 4518 tractari

4 4568 134 4638 essent,
155 4561 207 4622 vel
230 4560 311 4641 quid
333 4559 502 4622 intuentes
526 4566 559 4621 et
580 4565 768 4641 prementes
791 4567 824 4622 et
846 4560 893 4623 rei
916 4569 949 4624 et
972 4569 1181 4625 accusatores
1210 4568 1323 4643 partes
1356 4575 1433 4620 suas
1465 4551 1591 4636 optime
1624 4561 1771 4640 agerent,

2 4660 32 4720 el
54 4658 137 4740 quid
159 4665 192 4721 et
215 4645 397 4721 secundum
418 4657 465 4720 rei
488 4666 521 4720 et
543 4658 726 4721 secundum
755 4659 955 4726 accusatoris
985 4681 1117 4724 causam
1149 4655 1389 4741 disputandum
1421 4659 1521 4733 esset,
1555 4661 1594 4715 ut
1619 4651 1771 4736 judicum

0 4785 3 4814 ι
23 4757 80 4818 imi
104 4755 364 4822 conciliarentur.
407 4755 497 4819 Nam
517 4755 553 4818 in
574 4756 741 4823 rhetorum
763 4756 938 4840 disciplina
959 4756 1130 4839 inprimis
1152 4755 1214 4818 hoc
1228 4751 1443 4837 premendum
1459 4760 1492 4814 et
1508 4751 1674 4837 agendum
1690 4757 1772 4830 erat,

1 4863 17 4917 t
39 4853 193 4937 discipuli
216 4855 380 4920 discerent
403 4876 472 4918 rem
493 4855 528 4917 in
550 4856 730 4919 contrarias
752 4864 865 4938 partes
888 4875 986 4938 agere
1009 4863 1042 4916 et
1065 4852 1240 4917 confestim
1261 4852 1295 4914 in
1319 4851 1499 4916 adversarii
1520 4849 1629 4914 verbis
1652 4870 1690 4912 ea
1712 4847 1771 4912 ob-

3 4973 109 5016 ·rvare
136 4975 223 5036 quae
250 4953 412 5018 debiliora
443 4963 553 5018 essent
584 4961 617 5016 ct
646 4953 688 5016 ad
711 4955 781 5037 ejus
804 4953 862 5035 qui
885 4962 1000 5015 contra
1023 4974 1098 5014 eum
1120 4951 1254 5015 dicebat
1276 4951 1381 5034 ipsius
1404 4948 1614 5032 commodum
1636 4955 1773 5031 possent
